1924 3236
426 146 508 184 330
711 142 1093 186 ANNALIUM
1129 141 1253 181 12113.
1287 141 1334 182 V.
1369 142 1497 181 CAP.
1525 145 1586 182 ll.

323 253 361 285 Α.
376 254 419 287 U.
434 258 532 301 paeo
554 244 730 287 Sabino.
792 245 850 298 Is,
872 244 1147 295 Macedoniae
1170 252 1262 286 tum
1290 244 1495 297 intentus,
1515 242 1725 286 Achaiam
1748 241 1857 300 quoss

325 299 409 371 232}
435 316 519 356 que
539 303 730 345 curabat.
762 302 918 360 Igitur,
931 316 1018 357 quo
1040 314 1153 351 vera,
1171 314 1244 342 seu
1265 299 1371 342 falsa
1389 303 1584 354 anteiret,
1596 300 1856 342 Toronaeum

348 358 794 416 3‘1‚'*Thermaeumque
824 360 964 400 sinum
996 357 1310 415 praefestinans‚
1331 371 1435 400 mox
1466 357 1697 409 Euboeam,
1713 356 1857 414 AEgaei

433 417 562 458 maris
584 418 780 468 insulam,
802 425 845 457 et
876 415 1090 458 Piraeeum
1111 413 1273 457 Atticae
1303 428 1406 466 orae,
1427 414 1538 456 dein'
1556 413 1859 457 Corinthiense
1899 414 1924 463 ’ἒξ

431 474 548 526 litus,
566 473 872 530 angustiasque
897 472 1051 514 Isthmi
1073 472 1244 514 evadit:
1273 472 1465 527 marique
1486 471 1570 513 alio
1591 471 1857 528 Nicopolim,
1901 473 1924 512 it!

432 530 676 572 Romanam
705 530 936 582 coloniam,
955 531 1188 587 ingressus,
1209 528 1269 570 ibi
1299 528 1471 571 demum
1504 527 1860 584 cognoscitssol-

431 587 579 630 lertius
603 589 930 644 interrogatum,
948 587 1132 643 quisnam
1140 585 1272 642 joret,
1292 585 1469 637 dixisse,
1492 584 1560 627 M.
1581 584 1726 626 Silano
1743 585 1858 641 geni-

431 652 542 686 tum.-
583 653 641 696 et,
671 644 819 686 multis
857 654 1114 686 sectatorum
1154 643 1344 698 dilapsis,
1383 641 1653 686 adscendisse
1692 644 1860 692 navem,
1903 655 1906 659 ’

432 711 653 758 tamquam
684 700 855 744 Italiam
888 711 1067 758 peteret.
1096 700 1352 758 scripsitque
1380 700 1476 743 haec
1506 698 1696 741 Tiberio.
1719 713 1859 754 neque
1908 723 1909 727 =

369 762 509 801 llnos
540 759 752 816 originem
782 758 967 802 finemve
995 758 1089 816 ejus
1121 757 1179 799 rei
1219 757 1329 799 ultra
1359 757 1662 814 comperimus.
1723 755 1863 803 Exitu

430 814 548 868 anni,
561 816 635 859 diu
657 825 784 858 aucta
802 816 1017 859 discordia
1038 814 1275 857 Consulum
1295 815 1453 871 erupit.
1468 828 1567 855 nam
1588 813 1708 864 Trio,
1723 812 1859 855 facilis
1909 813 1924 842 -'·

430 888 482 915 ca
514 873 702 927 essendis
724 873 978 925 inimicitiis,
993 883 1037 915 et
1059 873 1152 915 foro
1173 871 1462 924 exercitus,ut
1479 885 1634 927 segnem
1655 869 1861 927 Regulum

430 888 512 972 adp
513 930 790 987 opprimendos
820 929 961 988 quanz'
982 929 1203 980 ministros,
1222 927 1397 983 oblique
1427 929 1751 984 perstrinxerat.
1773 927 1859 979 ille,

430 987 514 1030 nisi
534 988 825 1040 lacesseretur,
846 986 1069 1029 modestiae
1090 985 1295 1036 retinens,
1314 999 1403 1027 non
1423 985 1553 1027 modo
1576 984 1735 1027 retudit
1755 998 1860 1027 con·
1918 982 1924 988 ’

430 1044 602 1102 legam3
633 1045 722 1096 sed,
742 1052 787 1086 ut
817 1045 983 1086 noxium
1011 1042 1314 1100 conjurationis,
1334 1042 1390 1086 ad
1409 1041 1751 1098 disquisitionem
1775 1051 1861 1083 tra·

429 1101 578 1145 hebat.
638 1102 880 1159 Multisque
903 1101 1078 1144 Patrum
1101 1099 1339 1152 orantibus,
1354 1109 1564 1157 ponerent
1580 1099 1680 1141 odia
1699 1097 1743 1140 in
1765 1112 1860 1155 per-

428 1159 588 1202 niciem
619 1159 746 1210 itura,
774 1173 967 1203 mansere
1002 1157 1157 1201 infensi
1189 1171 1240 1199 ac
1268 1157 1533 1210 minitanteS,
1554 1155 1692 1199 donec
1720 1155 1875 1214 magi-¹
1919 1203 1921 1205 ¹

431 1224 568 1260 stratu
589 1216 773 1260 abirent.

1900 510 1924 581 sauz»

428 1345 583 1378 arbitror.
635 1344 720 1376 Eas.
778 1342 926 1376 Freinsh.
973 1340 1127 1374 credebat
1169 1344 1244 1380 post
1266 1339 1443 1371 Pichenam
1458 1337 1578 1370 editur.
1622 1336 1800 1379 Irrepserat
1813 1338 1863 1370 vi-

429 1386 606 1429 legendum
617 1387 829 1426 immanium.

471 1430 635 1462 Achaiam
649 1438 770 1472 quoquc
783 1425 937 1467 curabat]
956 1425 1005 1458 Ex
1015 1424 1125 1456 decre-

429 1474 467 1503 to
481 1471 539 1503 illo
558 1474 586 1510 l,
603 1471 658 1510 76,
673 1475 726 1504 80.
740 1480 805 1511 quo
818 1469 979 1501 Achaiam
994 1472 1025 1499 ec
1047 1467 1124 1499 Ma-

430 1515 598 1546 cedoniam
633 1524 734 1545 onera
774 1514 979 1553 deprecantes
1022 1512 1125 1541 levari

430 1555 670 1589 proconsulari
702 1555 838 1596 imperio
872 1553 1023 1594 tradique
1062 1553 1125 1584 Coe-

429 1600 514 1637 sari‚
525 1600 669 1639 placuit.
706 1598 800 1630 Lupe.

476 1641 668 1673 Tarona-um
695 1639 964 1679 Ther-meumque
997 1635 1122 1678 sinum]

429 1682 581 1724 Quorum
605 1682 661 1715 ille
683 1682 725 1714 ad
743 1682 773 1714 T
774 1690 899 1713 oronen
922 1679 1125 1712 Macedoniae

429 1725 571 1764 urbem;
597 1725 651 1756 hic
667 1726 768 1766 juxta
789 1722 1031 1759 Macedoniam,
1053 1721 1127 1753 Axii

432 1767 524 1799 fluvii
541 1770 701 1809 receptor.
738 1766 830 1798 Lirs.

476 1808 528 1841 Ibi
551 1810 684 1841 demum
707 1806 880 1849 cognoscit]
912 1804 1018 1836 Locus
1041 1805 1129 1836 inter

432 1860 579 1884 mancos·
615 1852 687 1884 Nec
701 1852 789 1882 enim
806 1849 875 1886 ubi,
890 1852 949 1879 aut
962 1847 1128 1888 quomodo

433 1893 653 1936 deprehensus
675 1893 835 1933 fugitivus
856 1890 923 1925 ille,
945 1895 1128 1921 narratum.

431 1936 513 1967 Post
536 1937 695 1976 cognoscit
716 1935 734 1953 ⁴
755 1943 834 1975 ergo
860 1931 1010 1974 ponenda
1035 1937 1127 1963 nota.

434 1977 481 2009 Et
507 1979 621 2009 statim
644 1976 762 2014 scribe,
783 1978 998 2014 interrogato.
1035 1974 1126 2005 Lips.

434 2019 543 2051 Immo
565 2029 662 2052 sanus
684 2020 775 2050 locus
798 2019 832 2048 in
854 2017 925 2048 MS.
938 2015 1010 2047 cod.
1026 2017 1059 2047 in
1076 2016 1127 2047 ed.

434 2061 600 2102 Beroaldi,
618 2062 672 2094 ubi
698 2061 743 2092 sic
765 2060 951 2097 exhibetur,
975 2065 1012 2090 ut
1037 2067 1128 2091 nunc

1167 1384 1216 1413 tio
1238 1392 1411 1423 operarum
1442 1382 1526 1412 dixit
1552 1390 1598 1418 se,
1619 1380 1656 1411 in
1677 1380 1730 1412 ed.
1753 1380 1862 1412 Rhen.

1167 1435 1220 1466 pr.
1265 1424 1303 1455 ld
1325 1424 1428 1455 secuti
1457 1428 1535 1454 sunt
1560 1422 1676 1461 Aldus,
1698 1423 1765 1464 Gry
1787 1422 1861 1460 hius

1167 1471 1233 1498 eet.
1277 1466 1366 1498 Hinc
1396 1465 1582 1503 difficultas,
1604 1469 1639 1496 et
1666 1474 1761 1496 emen
1827 1465 1860 1501 di

1168 1513 1317 1540 conatus.
1345 1508 1385 1539 In
1400 1507 1580 1539 Basileensi
1593 1506 1714 1538 Alciati
1729 1506 1861 1548 quidem

1167 1561 1200 1583 a.
1220 1554 1309 1585 1519.
1326 1550 1430 1583 adhuc
1446 1555 1497 1580 est
1510 1549 1638 1580 dia-isse.
1673 1548 1764 1581 ERN.
1842 1584 1845 1585 ⁷

1209 1593 1259 1625 M.
1277 1591 1406 1632 Silano]
1431 1592 1483 1624 De
1497 1601 1560 1632 qno
1577 1593 1614 1630 2,
1626 1594 1677 1626 59.
1692 1592 1725 1629 6,
1738 1593 1791 1623 20.

1211 1635 1327 1675 Neque
1338 1634 1408 1674 nos]
1433 1635 1477 1666 At
1491 1638 1705 1675 reppererunt
1715 1633 1861 1665 Zonaras

1171 1680 1222 1715 11,
1238 1679 1268 1708 3.
1283 1681 1318 1708 et
1338 1676 1404 1707 Dio
1419 1680 1472 1715 58,
1486 1678 1540 1708 25.
1555 1676 1610 1716 qui
1631 1676 1767 1706 missum
1786 1684 1862 1713 eum

1168 1719 1210 1752 ad
1242 1719 1413 1751 Tiberium
1446 1717 1669 1756 tradiderunt,
1703 1717 1862 1758 Caligula

1169 1762 1300 1803 nuptias
1315 1761 1407 1792 Antii
1417 1760 1651 1792 celebrantem.
1688 1759 1780 1791 Lips.

1211 1804 1361 1836 Nmfum
1374 1802 1471 1845 conj]
1489 1802 1644 1834 Imitatur
1655 1801 1863 1839 Sallustium,
1923 1817 1924 1820 =

1168 1847 1223 1887 qui
1238 1845 1373 1877 noxium
1389 1846 1427 1876 de
1439 1855 1478 1876 eo
1490 1844 1581 1881 dicit,
1594 1844 1648 1883 qui
1664 1844 1770 1885 culpae
1784 1853 1863 1875 con.

1171 1898 1239 1919 sors
1261 1891 1321 1918 est.
1354 1887 1394 1919 V.
1416 1887 1456 1918 13.
1477 1886 1556 1925 Jug.
1575 1887 1629 1917 42.
1650 1885 1705 1916 ubi
1730 1886 1861 1918 eortius

1170 1931 1259 1962 hunc
1288 1930 1398 1961 locum
1434 1928 1567 1960 laudare
1603 1937 1670 1958 non
1706 1927 1864 1968 neglexit.
1905 1938 1924 1959 ¹,

1170 1973 1257 2004 Usus
1273 1979 1322 2004 est
1338 1970 1581 2002 construetione
1595 1970 1722 2002 Graeca.
1750 1969 1862 2002 Livius
1902 1966 1924 2008 ξ

1170 2015 1292 2046 Latina
1304 2017 1338 2052 7,
1353 2016 1405 2044 20.
1417 2014 1453 2044 in
1468 2012 1608 2046 Faliscos
1626 2012 1733 2044 eodem
1752 2014 1863 2045 noxios

1170 2057 1316 2089 crimine.
1354 2056 1441 2088 ERN.
