<?xml version="1.0" encoding="UTF-8"?>
<!DOCTYPE html PUBLIC "-//W3C//DTD XHTML 1.0 Transitional//EN"
    "http://www.w3.org/TR/xhtml1/DTD/xhtml1-transitional.dtd">
<html xmlns="http://www.w3.org/1999/xhtml" xml:lang="en" lang="en">
 <head>
  <title>
</title>
<meta http-equiv="Content-Type" content="text/html;charset=utf-8" />
  <meta name='ocr-system' content='tesseract 3.04.00' />
  <meta name='ocr-capabilities' content='ocr_page ocr_carea ocr_par ocr_line ocrx_word'/>
</head>
<body>
  <div class='ocr_page' id='page_1' title='image "./operaexrecension01taciuoft/operaexrecension01taciuoft_0061.png"; bbox 0 0 1956 3250; ppageno 0'>
   <div class='ocr_carea' id='block_1_1' title="bbox 645 148 1564 201">
    <p class='ocr_par' dir='ltr' id='par_1_1' title="bbox 645 148 1564 201">
     <span class='ocr_line' id='line_1_1' title="bbox 645 148 1564 201; baseline -0.003 0"><span class='ocrx_word' id='word_1_1' title='bbox 645 151 1096 201; x_wconf 82' lang='lat' dir='ltr'>PRAEFATIO.</span> <span class='ocrx_word' id='word_1_2' title='bbox 1512 148 1564 199; x_wconf 60' lang='lat' dir='ltr'>lv</span> 
     </span>
    </p>
   </div>
   <div class='ocr_carea' id='block_1_2' title="bbox 32 284 1563 352">
    <p class='ocr_par' dir='ltr' id='par_1_2' title="bbox 32 284 1563 352">
     <span class='ocr_line' id='line_1_2' title="bbox 32 284 1563 352; baseline -0.007 -9"><span class='ocrx_word' id='word_1_3' title='bbox 32 303 35 305; x_wconf 72' lang='grc'><strong><em>’</em></strong></span> <span class='ocrx_word' id='word_1_4' title='bbox 113 291 316 348; x_wconf 79' lang='lat' dir='ltr'>docent,</span> <span class='ocrx_word' id='word_1_5' title='bbox 347 287 399 336; x_wconf 89' lang='lat' dir='ltr'>in</span> <span class='ocrx_word' id='word_1_6' title='bbox 430 286 651 352; x_wconf 84' lang='lat' dir='ltr'><strong>margine</strong></span> <span class='ocrx_word' id='word_1_7' title='bbox 685 285 850 336; x_wconf 83' lang='lat' dir='ltr'>Taciti</span> <span class='ocrx_word' id='word_1_8' title='bbox 881 285 1090 352; x_wconf 79' lang='lat' dir='ltr'>scriptas</span> <span class='ocrx_word' id='word_1_9' title='bbox 1117 285 1269 335; x_wconf 85' lang='lat' dir='ltr'>fuisse</span> <span class='ocrx_word' id='word_1_10' title='bbox 1294 301 1322 333; x_wconf 85' lang='lat' dir='ltr'>a</span> <span class='ocrx_word' id='word_1_11' title='bbox 1345 284 1563 334; x_wconf 89' lang='lat' dir='ltr'>dominis</span> 
     </span>
    </p>
   </div>
   <div class='ocr_carea' id='block_1_3' title="bbox 0 0 51 2519">
    <p class='ocr_par' dir='ltr' id='par_1_3' title="bbox 0 0 51 2519">
     <span class='ocr_line' id='line_1_3' title="bbox 0 0 51 2519; baseline 0 0"><span class='ocrx_word' id='word_1_12' title='bbox 0 0 51 2519; x_wconf 95' lang='lat' dir='ltr'> </span> 
     </span>
    </p>
   </div>
   <div class='ocr_carea' id='block_1_4' title="bbox 55 364 1588 1690">
    <p class='ocr_par' dir='ltr' id='par_1_4' title="bbox 111 364 1588 983">
     <span class='ocr_line' id='line_1_4' title="bbox 113 364 1564 432; baseline -0.007 -11"><span class='ocrx_word' id='word_1_13' title='bbox 113 367 382 421; x_wconf 77' lang='lat' dir='ltr'>sententias</span> <span class='ocrx_word' id='word_1_14' title='bbox 399 365 600 425; x_wconf 89' lang='lat' dir='ltr'>similes,</span> <span class='ocrx_word' id='word_1_15' title='bbox 615 364 884 415; x_wconf 86' lang='lat' dir='ltr'>versiculos</span> <span class='ocrx_word' id='word_1_16' title='bbox 905 373 1185 432; x_wconf 80' lang='lat' dir='ltr'>poetarum,</span> <span class='ocrx_word' id='word_1_17' title='bbox 1202 364 1366 431; x_wconf 88' lang='lat' dir='ltr'>capita</span> <span class='ocrx_word' id='word_1_18' title='bbox 1379 380 1564 424; x_wconf 87' lang='lat' dir='ltr'>rerum,</span> 
     </span>
     <span class='ocr_line' id='line_1_5' title="bbox 112 443 1588 505; baseline -0.005 -7"><span class='ocrx_word' id='word_1_19' title='bbox 112 454 164 498; x_wconf 70' lang='lat' dir='ltr'>et</span> <span class='ocrx_word' id='word_1_20' title='bbox 185 445 376 497; x_wconf 81' lang='lat' dir='ltr'>similia.</span> <span class='ocrx_word' id='word_1_21' title='bbox 435 444 516 495; x_wconf 85' lang='lat' dir='ltr'>Sic</span> <span class='ocrx_word' id='word_1_22' title='bbox 548 444 612 493; x_wconf 90' lang='lat' dir='ltr'>A.</span> <span class='ocrx_word' id='word_1_23' title='bbox 647 443 745 505; x_wconf 88' lang='lat' dir='ltr'>XI,</span> <span class='ocrx_word' id='word_1_24' title='bbox 770 451 815 497; x_wconf 89' lang='lat'>7.</span> <span class='ocrx_word' id='word_1_25' title='bbox 848 446 912 493; x_wconf 86' lang='lat' dir='ltr'>ad</span> <span class='ocrx_word' id='word_1_26' title='bbox 947 446 1128 494; x_wconf 87' lang='lat' dir='ltr'>verba:</span> <span class='ocrx_word' id='word_1_27' title='bbox 1165 445 1358 493; x_wconf 84' lang='lat' dir='ltr'>sublatis</span> <span class='ocrx_word' id='word_1_28' title='bbox 1391 443 1588 491; x_wconf 71' lang='lat' dir='ltr'>studio..</span> 
     </span>
     <span class='ocr_line' id='line_1_6' title="bbox 111 521 1569 590; baseline -0.006 -13"><span class='ocrx_word' id='word_1_29' title='bbox 111 543 218 577; x_wconf 81' lang='lat' dir='ltr'>rum</span> <span class='ocrx_word' id='word_1_30' title='bbox 233 526 405 590; x_wconf 82' lang='lat' dir='ltr'>pretiis</span> <span class='ocrx_word' id='word_1_31' title='bbox 426 525 564 573; x_wconf 84' lang='lat' dir='ltr'>etiam</span> <span class='ocrx_word' id='word_1_32' title='bbox 585 524 742 573; x_wconf 83' lang='lat' dir='ltr'>studia</span> <span class='ocrx_word' id='word_1_33' title='bbox 755 524 998 588; x_wconf 83' lang='lat' dir='ltr'>peritura,</span> <span class='ocrx_word' id='word_1_34' title='bbox 1016 525 1192 574; x_wconf 86' lang='lat' dir='ltr'>eadem</span> <span class='ocrx_word' id='word_1_35' title='bbox 1211 539 1363 572; x_wconf 90' lang='lat' dir='ltr'>manu</span> <span class='ocrx_word' id='word_1_36' title='bbox 1386 521 1569 570; x_wconf 83' lang='lat' dir='ltr'>adscri-</span> 
     </span>
     <span class='ocr_line' id='line_1_7' title="bbox 113 601 1568 672; baseline -0.004 -18"><span class='ocrx_word' id='word_1_37' title='bbox 113 611 255 672; x_wconf 87' lang='lat' dir='ltr'>ptum</span> <span class='ocrx_word' id='word_1_38' title='bbox 287 611 363 653; x_wconf 86' lang='grc' dir='ltr'>θεῖ</span> <span class='ocrx_word' id='word_1_39' title='bbox 396 620 423 653; x_wconf 92' lang='grc' dir='ltr'>θ</span> <span class='ocrx_word' id='word_1_40' title='bbox 457 603 713 652; x_wconf 88' lang='lat' dir='ltr'>Ciceronis</span> <span class='ocrx_word' id='word_1_41' title='bbox 759 601 1080 652; x_wconf 86' lang='lat' dir='ltr'>Tusculanis:</span> <span class='ocrx_word' id='word_1_42' title='bbox 1118 604 1266 651; x_wconf 79' lang='lat' dir='ltr'>Itonos</span> <span class='ocrx_word' id='word_1_43' title='bbox 1301 601 1391 649; x_wconf 87' lang='lat' dir='ltr'>alit</span> <span class='ocrx_word' id='word_1_44' title='bbox 1421 608 1568 660; x_wconf 88' lang='lat' dir='ltr'>artes,</span> 
     </span>
     <span class='ocr_line' id='line_1_8' title="bbox 115 680 1570 748; baseline -0.004 -15"><span class='ocrx_word' id='word_1_45' title='bbox 115 699 360 748; x_wconf 82' lang='lat' dir='ltr'>omnesque</span> <span class='ocrx_word' id='word_1_46' title='bbox 397 683 708 731; x_wconf 83' lang='lat' dir='ltr'>incenduntur</span> <span class='ocrx_word' id='word_1_47' title='bbox 746 683 813 729; x_wconf 89' lang='lat' dir='ltr'>ad</span> <span class='ocrx_word' id='word_1_48' title='bbox 847 682 1006 730; x_wconf 84' lang='lat' dir='ltr'>studia</span> <span class='ocrx_word' id='word_1_49' title='bbox 1035 682 1216 745; x_wconf 81' lang='lat' dir='ltr'>gloria,</span> <span class='ocrx_word' id='word_1_50' title='bbox 1229 680 1490 744; x_wconf 82' lang='lat' dir='ltr'>jacentque</span> <span class='ocrx_word' id='word_1_51' title='bbox 1512 695 1570 728; x_wconf 88' lang='lat' dir='ltr'>ea</span> 
     </span>
     <span class='ocr_line' id='line_1_9' title="bbox 115 758 1567 826; baseline -0.005 -14"><span class='ocrx_word' id='word_1_52' title='bbox 115 778 316 826; x_wconf 76' lang='lat' dir='ltr'>semper,</span> <span class='ocrx_word' id='word_1_53' title='bbox 355 776 458 825; x_wconf 80' lang='lat' dir='ltr'>quoe</span> <span class='ocrx_word' id='word_1_54' title='bbox 492 762 624 824; x_wconf 82' lang='lat' dir='ltr'>apud</span> <span class='ocrx_word' id='word_1_55' title='bbox 659 776 865 825; x_wconf 84' lang='lat' dir='ltr'>quosque</span> <span class='ocrx_word' id='word_1_56' title='bbox 903 760 1246 824; x_wconf 80' lang='lat' dir='ltr'>improbantur.</span> <span class='ocrx_word' id='word_1_57' title='bbox 1319 758 1447 808; x_wconf 88' lang='lat' dir='ltr'>Ibid.</span> <span class='ocrx_word' id='word_1_58' title='bbox 1490 766 1567 806; x_wconf 85' lang='grc'>31.</span> 
     </span>
     <span class='ocr_line' id='line_1_10' title="bbox 118 837 1569 901; baseline -0.005 -10"><span class='ocrx_word' id='word_1_59' title='bbox 118 841 206 891; x_wconf 80' lang='lat' dir='ltr'>ubi</span> <span class='ocrx_word' id='word_1_60' title='bbox 227 840 279 888; x_wconf 93' lang='lat' dir='ltr'>in</span> <span class='ocrx_word' id='word_1_61' title='bbox 301 846 443 889; x_wconf 86' lang='lat' dir='ltr'>textu</span> <span class='ocrx_word' id='word_1_62' title='bbox 475 838 663 887; x_wconf 87' lang='lat' dir='ltr'>codicis</span> <span class='ocrx_word' id='word_1_63' title='bbox 700 845 774 888; x_wconf 88' lang='lat' dir='ltr'>est</span> <span class='ocrx_word' id='word_1_64' title='bbox 790 839 992 901; x_wconf 84' lang='lat' dir='ltr'>seminoe</span> <span class='ocrx_word' id='word_1_65' title='bbox 1023 839 1294 887; x_wconf 83' lang='lat' dir='ltr'>nebridihus</span> <span class='ocrx_word' id='word_1_66' title='bbox 1315 838 1494 897; x_wconf 85' lang='lat' dir='ltr'>cinctoe,</span> <span class='ocrx_word' id='word_1_67' title='bbox 1518 837 1569 885; x_wconf 89' lang='lat' dir='ltr'>in</span> 
     </span>
     <span class='ocr_line' id='line_1_11' title="bbox 119 916 1573 983; baseline -0.003 -15"><span class='ocrx_word' id='word_1_68' title='bbox 119 917 340 983; x_wconf 79' lang='lat' dir='ltr'>margine</span> <span class='ocrx_word' id='word_1_69' title='bbox 377 924 452 966; x_wconf 84' lang='lat' dir='ltr'>est</span> <span class='ocrx_word' id='word_1_70' title='bbox 489 916 674 982; x_wconf 81' lang='lat' dir='ltr'><strong>glossa:</strong></span> <span class='ocrx_word' id='word_1_71' title='bbox 710 917 1001 976; x_wconf 71' lang='lat' dir='ltr'>nebridibuS‚</span> <span class='ocrx_word' id='word_1_72' title='bbox 1038 917 1244 981; x_wconf 82' lang='lat' dir='ltr'>pellibus</span> <span class='ocrx_word' id='word_1_73' title='bbox 1286 916 1506 975; x_wconf 79' lang='lat' dir='ltr'>cerviniS,</span> <span class='ocrx_word' id='word_1_74' title='bbox 1542 931 1573 964; x_wconf 85' lang='lat' dir='ltr'>a</span> 
     </span>
    </p>

    <p class='ocr_par' dir='ltr' id='par_1_5' title="bbox 55 995 1583 1690">
     <span class='ocr_line' id='line_1_12' title="bbox 91 995 1573 1065; baseline -0.003 -19"><span class='ocrx_word' id='word_1_75' title='bbox 91 1022 95 1027; x_wconf 88' lang='lat'>·</span> <span class='ocrx_word' id='word_1_76' title='bbox 118 997 276 1065; x_wconf 82' lang='lat' dir='ltr'>prima</span> <span class='ocrx_word' id='word_1_77' title='bbox 298 1012 462 1044; x_wconf 90' lang='lat' dir='ltr'>manu.</span> <span class='ocrx_word' id='word_1_78' title='bbox 505 995 630 1055; x_wconf 88' lang='lat' dir='ltr'>XII,</span> <span class='ocrx_word' id='word_1_79' title='bbox 652 1002 695 1048; x_wconf 89' lang='lat'>7.</span> <span class='ocrx_word' id='word_1_80' title='bbox 722 996 785 1044; x_wconf 88' lang='lat' dir='ltr'>ad</span> <span class='ocrx_word' id='word_1_81' title='bbox 808 995 983 1045; x_wconf 87' lang='lat' dir='ltr'>verba:</span> <span class='ocrx_word' id='word_1_82' title='bbox 1007 995 1374 1058; x_wconf 75' lang='lat' dir='ltr'>cunctafiminoe</span> <span class='ocrx_word' id='word_1_83' title='bbox 1391 995 1573 1042; x_wconf 71' lang='lat' dir='ltr'>obedie-</span> 
     </span>
     <span class='ocr_line' id='line_1_13' title="bbox 55 1073 1574 1140; baseline -0.002 -16"><span class='ocrx_word' id='word_1_84' title='bbox 55 1108 58 1110; x_wconf 73' lang='lat'>,</span> <span class='ocrx_word' id='word_1_85' title='bbox 121 1077 247 1135; x_wconf 80' lang='lat' dir='ltr'>bant,</span> <span class='ocrx_word' id='word_1_86' title='bbox 270 1075 322 1122; x_wconf 90' lang='lat' dir='ltr'>in</span> <span class='ocrx_word' id='word_1_87' title='bbox 346 1074 568 1140; x_wconf 84' lang='lat' dir='ltr'>margine</span> <span class='ocrx_word' id='word_1_88' title='bbox 593 1083 669 1123; x_wconf 87' lang='lat' dir='ltr'>est</span> <span class='ocrx_word' id='word_1_89' title='bbox 685 1092 714 1123; x_wconf 88' lang='lat' dir='ltr'>a</span> <span class='ocrx_word' id='word_1_90' title='bbox 737 1091 801 1122; x_wconf 90' lang='lat' dir='ltr'>m.</span> <span class='ocrx_word' id='word_1_91' title='bbox 826 1091 900 1140; x_wconf 89' lang='lat' dir='ltr'>pr.</span> <span class='ocrx_word' id='word_1_92' title='bbox 926 1074 1364 1137; x_wconf 73' lang='lat' dir='ltr'>duxfeminasacti</span> <span class='ocrx_word' id='word_1_93' title='bbox 1380 1095 1399 1132; x_wconf 94' lang='lat'><em>;</em></span> <span class='ocrx_word' id='word_1_94' title='bbox 1437 1073 1574 1138; x_wconf 90' lang='lat' dir='ltr'>quod</span> 
     </span>
     <span class='ocr_line' id='line_1_14' title="bbox 122 1152 1573 1220; baseline -0.003 -16"><span class='ocrx_word' id='word_1_95' title='bbox 122 1172 149 1205; x_wconf 89' lang='lat' dir='ltr'>e</span> <span class='ocrx_word' id='word_1_96' title='bbox 172 1153 387 1220; x_wconf 86' lang='lat' dir='ltr'>Virgilio</span> <span class='ocrx_word' id='word_1_97' title='bbox 417 1170 542 1213; x_wconf 84' lang='lat' dir='ltr'>esse,</span> <span class='ocrx_word' id='word_1_98' title='bbox 567 1153 731 1202; x_wconf 86' lang='lat' dir='ltr'>sciunt</span> <span class='ocrx_word' id='word_1_99' title='bbox 766 1169 955 1202; x_wconf 90' lang='lat' dir='ltr'>omnes.</span> <span class='ocrx_word' id='word_1_100' title='bbox 1028 1152 1156 1202; x_wconf 88' lang='lat' dir='ltr'>Ibid.</span> <span class='ocrx_word' id='word_1_101' title='bbox 1182 1152 1246 1202; x_wconf 87' lang='lat' dir='ltr'>ad</span> <span class='ocrx_word' id='word_1_102' title='bbox 1270 1170 1313 1201; x_wconf 88' lang='lat' dir='ltr'>c.</span> <span class='ocrx_word' id='word_1_103' title='bbox 1341 1158 1419 1200; x_wconf 88' lang='lat'>66.</span> <span class='ocrx_word' id='word_1_104' title='bbox 1446 1159 1573 1200; x_wconf 83' lang='lat' dir='ltr'><strong>extr.</strong></span> 
     </span>
     <span class='ocr_line' id='line_1_15' title="bbox 63 1228 1577 1296; baseline -0.003 -14"><span class='ocrx_word' id='word_1_105' title='bbox 63 1228 72 1234; x_wconf 22' lang='lat' dir='ltr'>i</span> <span class='ocrx_word' id='word_1_106' title='bbox 122 1250 290 1283; x_wconf 83' lang='lat' dir='ltr'>versus</span> <span class='ocrx_word' id='word_1_107' title='bbox 325 1231 602 1282; x_wconf 83' lang='lat' dir='ltr'>Juvenalis:</span> <span class='ocrx_word' id='word_1_108' title='bbox 647 1232 953 1296; x_wconf 84' lang='lat' dir='ltr'>Instituitque</span> <span class='ocrx_word' id='word_1_109' title='bbox 987 1233 1133 1281; x_wconf 86' lang='lat' dir='ltr'>rudes</span> <span class='ocrx_word' id='word_1_110' title='bbox 1164 1232 1331 1280; x_wconf 87' lang='lat' dir='ltr'>melior</span> <span class='ocrx_word' id='word_1_111' title='bbox 1365 1231 1577 1280; x_wconf 82' lang='lat' dir='ltr'>Locusta</span> 
     </span>
     <span class='ocr_line' id='line_1_16' title="bbox 115 1309 1578 1378; baseline -0.001 -19"><span class='ocrx_word' id='word_1_112' title='bbox 115 1312 432 1378; x_wconf 79' lang='lat' dir='ltr'>propinquas,</span> <span class='ocrx_word' id='word_1_113' title='bbox 441 1327 537 1375; x_wconf 84' lang='lat' dir='ltr'>per</span> <span class='ocrx_word' id='word_1_114' title='bbox 534 1310 722 1373; x_wconf 79' lang='lat' dir='ltr'>fizmam</span> <span class='ocrx_word' id='word_1_115' title='bbox 744 1317 793 1358; x_wconf 88' lang='lat' dir='ltr'>et</span> <span class='ocrx_word' id='word_1_116' title='bbox 802 1311 1032 1375; x_wconf 76' lang='lat' dir='ltr'>populum</span> <span class='ocrx_word' id='word_1_117' title='bbox 1049 1311 1218 1374; x_wconf 80' lang='lat' dir='ltr'>nigros</span> <span class='ocrx_word' id='word_1_118' title='bbox 1239 1311 1412 1374; x_wconf 67' lang='lat' dir='ltr'>‹ffirre</span> <span class='ocrx_word' id='word_1_119' title='bbox 1436 1309 1578 1358; x_wconf 87' lang='lat' dir='ltr'>mari-</span> 
     </span>
     <span class='ocr_line' id='line_1_17' title="bbox 124 1387 1580 1453; baseline -0.003 -14"><span class='ocrx_word' id='word_1_120' title='bbox 124 1397 210 1439; x_wconf 84' lang='lat' dir='ltr'>tos.</span> <span class='ocrx_word' id='word_1_121' title='bbox 260 1388 414 1447; x_wconf 91' lang='lat' dir='ltr'>XIII,</span> <span class='ocrx_word' id='word_1_122' title='bbox 443 1395 515 1441; x_wconf 88' lang='lat'>17.</span> <span class='ocrx_word' id='word_1_123' title='bbox 546 1387 694 1453; x_wconf 87' lang='lat' dir='ltr'>juxta</span> <span class='ocrx_word' id='word_1_124' title='bbox 716 1389 897 1438; x_wconf 85' lang='lat' dir='ltr'>verba:</span> <span class='ocrx_word' id='word_1_125' title='bbox 935 1390 1154 1452; x_wconf 85' lang='lat' dir='ltr'>antiquas</span> <span class='ocrx_word' id='word_1_126' title='bbox 1157 1389 1381 1451; x_wconf 74' lang='lat' dir='ltr'>flatrum</span> <span class='ocrx_word' id='word_1_127' title='bbox 1405 1388 1580 1436; x_wconf 83' lang='lat' dir='ltr'>discor-</span> 
     </span>
     <span class='ocr_line' id='line_1_18' title="bbox 124 1467 1582 1532; baseline -0.002 -15"><span class='ocrx_word' id='word_1_128' title='bbox 124 1468 229 1517; x_wconf 86' lang='lat' dir='ltr'>dias</span> <span class='ocrx_word' id='word_1_129' title='bbox 266 1475 315 1515; x_wconf 88' lang='lat' dir='ltr'>et</span> <span class='ocrx_word' id='word_1_130' title='bbox 353 1467 636 1526; x_wconf 78' lang='lat' dir='ltr'>insociabile,</span> <span class='ocrx_word' id='word_1_131' title='bbox 683 1467 922 1532; x_wconf 88' lang='lat' dir='ltr'>scriptum</span> <span class='ocrx_word' id='word_1_132' title='bbox 963 1475 1068 1516; x_wconf 88' lang='lat' dir='ltr'>est:</span> <span class='ocrx_word' id='word_1_133' title='bbox 1123 1468 1353 1515; x_wconf 81' lang='lat' dir='ltr'>Fratrum</span> <span class='ocrx_word' id='word_1_134' title='bbox 1398 1482 1582 1530; x_wconf 86' lang='lat' dir='ltr'>quoque</span> 
     </span>
     <span class='ocr_line' id='line_1_19' title="bbox 119 1543 1582 1611; baseline -0.002 -16"><span class='ocrx_word' id='word_1_135' title='bbox 119 1547 284 1611; x_wconf 80' lang='lat' dir='ltr'>gratia</span> <span class='ocrx_word' id='word_1_136' title='bbox 315 1561 435 1595; x_wconf 74' lang='lat' dir='ltr'>rara</span> <span class='ocrx_word' id='word_1_137' title='bbox 467 1553 565 1594; x_wconf 85' lang='lat' dir='ltr'>est:</span> <span class='ocrx_word' id='word_1_138' title='bbox 604 1553 671 1606; x_wconf 86' lang='lat' dir='ltr'>et,</span> <span class='ocrx_word' id='word_1_139' title='bbox 694 1562 790 1594; x_wconf 84' lang='lat' dir='ltr'>non</span> <span class='ocrx_word' id='word_1_140' title='bbox 823 1546 954 1610; x_wconf 81' lang='lat' dir='ltr'>capit</span> <span class='ocrx_word' id='word_1_141' title='bbox 977 1561 1180 1609; x_wconf 79' lang='lat' dir='ltr'>regnum</span> <span class='ocrx_word' id='word_1_142' title='bbox 1203 1547 1336 1594; x_wconf 85' lang='lat' dir='ltr'>duos.</span> <span class='ocrx_word' id='word_1_143' title='bbox 1375 1544 1434 1593; x_wconf 91' lang='lat' dir='ltr'>L.</span> <span class='ocrx_word' id='word_1_144' title='bbox 1463 1543 1582 1604; x_wconf 87' lang='lat' dir='ltr'>XV,</span> 
     </span>
     <span class='ocr_line' id='line_1_20' title="bbox 127 1623 1583 1690; baseline -0.002 -15"><span class='ocrx_word' id='word_1_145' title='bbox 127 1634 205 1675; x_wconf 84' lang='grc'>33.</span> <span class='ocrx_word' id='word_1_146' title='bbox 230 1624 337 1674; x_wconf 87' lang='lat' dir='ltr'>init.</span> <span class='ocrx_word' id='word_1_147' title='bbox 364 1624 415 1673; x_wconf 90' lang='lat' dir='ltr'>in</span> <span class='ocrx_word' id='word_1_148' title='bbox 434 1624 657 1690; x_wconf 82' lang='lat' dir='ltr'>margine</span> <span class='ocrx_word' id='word_1_149' title='bbox 693 1623 857 1690; x_wconf 87' lang='lat' dir='ltr'>glossa</span> <span class='ocrx_word' id='word_1_150' title='bbox 887 1624 995 1673; x_wconf 90' lang='lat' dir='ltr'>haec</span> <span class='ocrx_word' id='word_1_151' title='bbox 1028 1633 1125 1673; x_wconf 87' lang='lat' dir='ltr'>est:</span> <span class='ocrx_word' id='word_1_152' title='bbox 1163 1640 1302 1673; x_wconf 87' lang='lat' dir='ltr'>scena</span> <span class='ocrx_word' id='word_1_153' title='bbox 1330 1625 1456 1673; x_wconf 87' lang='lat' dir='ltr'>locus</span> <span class='ocrx_word' id='word_1_154' title='bbox 1487 1640 1583 1672; x_wconf 87' lang='lat' dir='ltr'>um-</span> 
     </span>
    </p>
   </div>
   <div class='ocr_carea' id='block_1_5' title="bbox 126 1701 1674 1767">
    <p class='ocr_par' dir='ltr' id='par_1_6' title="bbox 126 1701 1674 1767">
     <span class='ocr_line' id='line_1_21' title="bbox 126 1701 1674 1767; baseline -0.004 -15"><span class='ocrx_word' id='word_1_155' title='bbox 126 1703 325 1763; x_wconf 69' lang='lat' dir='ltr'>bratili-5,</span> <span class='ocrx_word' id='word_1_156' title='bbox 347 1703 427 1752; x_wconf 87' lang='lat' dir='ltr'>ubi</span> <span class='ocrx_word' id='word_1_157' title='bbox 441 1705 583 1767; x_wconf 51' lang='lat' dir='ltr'>,fiunt</span> <span class='ocrx_word' id='word_1_158' title='bbox 618 1703 1050 1752; x_wconf 75' lang='lat' dir='ltr'>demonstrationes.</span> <span class='ocrx_word' id='word_1_159' title='bbox 1123 1701 1251 1753; x_wconf 87' lang='lat' dir='ltr'>Mox</span> <span class='ocrx_word' id='word_1_160' title='bbox 1277 1720 1321 1751; x_wconf 90' lang='lat' dir='ltr'>c.</span> <span class='ocrx_word' id='word_1_161' title='bbox 1349 1709 1427 1751; x_wconf 84' lang='lat'>39.</span> <span class='ocrx_word' id='word_1_162' title='bbox 1455 1710 1582 1752; x_wconf 83' lang='lat' dir='ltr'>extr.</span> <span class='ocrx_word' id='word_1_163' title='bbox 1662 1738 1674 1746; x_wconf 81' lang='grc'>.</span> 
     </span>
    </p>
   </div>
   <div class='ocr_carea' id='block_1_6' title="bbox 127 1782 1592 2398">
    <p class='ocr_par' dir='ltr' id='par_1_7' title="bbox 127 1782 1592 2398">
     <span class='ocr_line' id='line_1_22' title="bbox 127 1782 1585 1847; baseline 0 -16"><span class='ocrx_word' id='word_1_164' title='bbox 127 1783 190 1831; x_wconf 83' lang='lat' dir='ltr'>ad</span> <span class='ocrx_word' id='word_1_165' title='bbox 225 1782 405 1831; x_wconf 85' lang='lat' dir='ltr'>verba:</span> <span class='ocrx_word' id='word_1_166' title='bbox 441 1782 659 1830; x_wconf 82' lang='lat' dir='ltr'>cecinisse</span> <span class='ocrx_word' id='word_1_167' title='bbox 700 1782 963 1846; x_wconf 74' lang='lat' dir='ltr'>Trojanum</span> <span class='ocrx_word' id='word_1_168' title='bbox 1003 1782 1253 1842; x_wconf 69' lang='lat' dir='ltr'>excidium,</span> <span class='ocrx_word' id='word_1_169' title='bbox 1277 1782 1328 1830; x_wconf 92' lang='lat' dir='ltr'>in</span> <span class='ocrx_word' id='word_1_170' title='bbox 1360 1782 1585 1847; x_wconf 86' lang='lat' dir='ltr'>margine</span> 
     </span>
     <span class='ocr_line' id='line_1_23' title="bbox 127 1860 1584 1924; baseline -0.001 -14"><span class='ocrx_word' id='word_1_171' title='bbox 127 1860 494 1912; x_wconf 83' lang='lat' dir='ltr'>hemistichium</span> <span class='ocrx_word' id='word_1_172' title='bbox 543 1860 827 1910; x_wconf 79' lang='lat' dir='ltr'>Juvenalis:</span> <span class='ocrx_word' id='word_1_173' title='bbox 884 1862 1062 1910; x_wconf 87' lang='lat' dir='ltr'>Troica</span> <span class='ocrx_word' id='word_1_174' title='bbox 1113 1861 1326 1910; x_wconf 85' lang='lat' dir='ltr'>carmina</span> <span class='ocrx_word' id='word_1_175' title='bbox 1380 1860 1584 1924; x_wconf 80' lang='lat' dir='ltr'>scripsit.</span> 
     </span>
     <span class='ocr_line' id='line_1_24' title="bbox 131 1938 1586 1999; baseline -0.001 -10"><span class='ocrx_word' id='word_1_176' title='bbox 131 1939 199 1989; x_wconf 86' lang='lat' dir='ltr'>H.</span> <span class='ocrx_word' id='word_1_177' title='bbox 237 1938 281 1999; x_wconf 87' lang='grc' dir='ltr'>Ι,</span> <span class='ocrx_word' id='word_1_178' title='bbox 323 1947 396 1987; x_wconf 87' lang='grc'>10.</span> <span class='ocrx_word' id='word_1_179' title='bbox 435 1940 498 1988; x_wconf 88' lang='lat' dir='ltr'>ad</span> <span class='ocrx_word' id='word_1_180' title='bbox 537 1940 720 1989; x_wconf 86' lang='lat' dir='ltr'>verba:</span> <span class='ocrx_word' id='word_1_181' title='bbox 769 1940 935 1988; x_wconf 82' lang='lat' dir='ltr'>bellum</span> <span class='ocrx_word' id='word_1_182' title='bbox 974 1940 1236 1989; x_wconf 87' lang='lat' dir='ltr'>Judaicum</span> <span class='ocrx_word' id='word_1_183' title='bbox 1276 1940 1493 1999; x_wconf 79' lang='lat' dir='ltr'>FlaviuS,</span> <span class='ocrx_word' id='word_1_184' title='bbox 1522 1954 1586 1988; x_wconf 87' lang='lat' dir='ltr'>ex</span> 
     </span>
     <span class='ocr_line' id='line_1_25' title="bbox 130 2017 1588 2082; baseline -0.001 -14"><span class='ocrx_word' id='word_1_185' title='bbox 130 2019 306 2068; x_wconf 86' lang='lat' dir='ltr'>eodem</span> <span class='ocrx_word' id='word_1_186' title='bbox 329 2017 588 2068; x_wconf 86' lang='lat' dir='ltr'>Juvenali:</span> <span class='ocrx_word' id='word_1_187' title='bbox 624 2034 727 2067; x_wconf 84' lang='lat' dir='ltr'>cum</span> <span class='ocrx_word' id='word_1_188' title='bbox 743 2017 858 2082; x_wconf 84' lang='lat' dir='ltr'>jam</span> <span class='ocrx_word' id='word_1_189' title='bbox 885 2020 1197 2068; x_wconf 83' lang='lat' dir='ltr'>semianimem</span> <span class='ocrx_word' id='word_1_190' title='bbox 1221 2019 1457 2067; x_wconf 86' lang='lat' dir='ltr'>laceraret</span> <span class='ocrx_word' id='word_1_191' title='bbox 1476 2019 1588 2067; x_wconf 81' lang='lat' dir='ltr'>Fla-</span> 
     </span>
     <span class='ocr_line' id='line_1_26' title="bbox 129 2096 1588 2162; baseline 0.001 -18"><span class='ocrx_word' id='word_1_192' title='bbox 129 2096 234 2144; x_wconf 79' lang='lat' dir='ltr'>vius</span> <span class='ocrx_word' id='word_1_193' title='bbox 264 2096 433 2144; x_wconf 84' lang='lat' dir='ltr'>orbem.</span> <span class='ocrx_word' id='word_1_194' title='bbox 470 2098 533 2146; x_wconf 83' lang='lat' dir='ltr'>ad</span> <span class='ocrx_word' id='word_1_195' title='bbox 570 2114 614 2146; x_wconf 91' lang='lat' dir='ltr'>c.</span> <span class='ocrx_word' id='word_1_196' title='bbox 655 2105 733 2144; x_wconf 84' lang='lat'>21.</span> <span class='ocrx_word' id='word_1_197' title='bbox 773 2097 954 2147; x_wconf 86' lang='lat' dir='ltr'>verba:</span> <span class='ocrx_word' id='word_1_198' title='bbox 996 2113 1084 2146; x_wconf 88' lang='lat' dir='ltr'>nec</span> <span class='ocrx_word' id='word_1_199' title='bbox 1119 2098 1416 2146; x_wconf 84' lang='lat' dir='ltr'>cunctatione</span> <span class='ocrx_word' id='word_1_200' title='bbox 1452 2112 1588 2162; x_wconf 78' lang='lat' dir='ltr'>opuS,</span> 
     </span>
     <span class='ocr_line' id='line_1_27' title="bbox 130 2174 1586 2241; baseline 0 -17"><span class='ocrx_word' id='word_1_201' title='bbox 130 2174 433 2240; x_wconf 86' lang='lat' dir='ltr'>adscriptum</span> <span class='ocrx_word' id='word_1_202' title='bbox 480 2174 843 2241; x_wconf 80' lang='lat' dir='ltr'>virgilianum:</span> <span class='ocrx_word' id='word_1_203' title='bbox 891 2176 1058 2241; x_wconf 79' lang='lat' dir='ltr'>rumpe</span> <span class='ocrx_word' id='word_1_204' title='bbox 1093 2191 1266 2225; x_wconf 88' lang='lat' dir='ltr'>moras.</span> <span class='ocrx_word' id='word_1_205' title='bbox 1309 2177 1373 2225; x_wconf 87' lang='lat' dir='ltr'>ad</span> <span class='ocrx_word' id='word_1_206' title='bbox 1419 2193 1463 2224; x_wconf 91' lang='lat' dir='ltr'>c.</span> <span class='ocrx_word' id='word_1_207' title='bbox 1508 2184 1586 2224; x_wconf 88' lang='grc'>30.</span> 
     </span>
     <span class='ocr_line' id='line_1_28' title="bbox 130 2253 1592 2320; baseline 0.002 -19"><span class='ocrx_word' id='word_1_208' title='bbox 130 2253 310 2303; x_wconf 87' lang='lat' dir='ltr'>verba:</span> <span class='ocrx_word' id='word_1_209' title='bbox 346 2254 562 2302; x_wconf 83' lang='lat' dir='ltr'>muliebri</span> <span class='ocrx_word' id='word_1_210' title='bbox 601 2261 790 2314; x_wconf 84' lang='lat' dir='ltr'>ornatu,</span> <span class='ocrx_word' id='word_1_211' title='bbox 825 2255 877 2303; x_wconf 90' lang='lat' dir='ltr'>in</span> <span class='ocrx_word' id='word_1_212' title='bbox 914 2254 1138 2320; x_wconf 89' lang='lat' dir='ltr'>margine</span> <span class='ocrx_word' id='word_1_213' title='bbox 1175 2255 1357 2304; x_wconf 85' lang='lat' dir='ltr'>iterum</span> <span class='ocrx_word' id='word_1_214' title='bbox 1382 2271 1410 2304; x_wconf 93' lang='lat' dir='ltr'>e</span> <span class='ocrx_word' id='word_1_215' title='bbox 1440 2254 1592 2304; x_wconf 89' lang='lat' dir='ltr'>Juve-</span> 
     </span>
     <span class='ocr_line' id='line_1_29' title="bbox 133 2331 1589 2398; baseline -0.001 -17"><span class='ocrx_word' id='word_1_216' title='bbox 133 2331 260 2381; x_wconf 85' lang='lat' dir='ltr'>nali:</span> <span class='ocrx_word' id='word_1_217' title='bbox 296 2339 345 2381; x_wconf 86' lang='lat' dir='ltr'>et</span> <span class='ocrx_word' id='word_1_218' title='bbox 368 2349 588 2397; x_wconf 78' lang='lat' dir='ltr'>pressum</span> <span class='ocrx_word' id='word_1_219' title='bbox 623 2333 673 2382; x_wconf 84' lang='lat' dir='ltr'>in</span> <span class='ocrx_word' id='word_1_220' title='bbox 694 2334 876 2396; x_wconf 81' lang='lat' dir='ltr'>fizciem</span> <span class='ocrx_word' id='word_1_221' title='bbox 916 2333 1080 2398; x_wconf 84' lang='lat' dir='ltr'>digitis</span> <span class='ocrx_word' id='word_1_222' title='bbox 1115 2335 1370 2382; x_wconf 74' lang='lat' dir='ltr'>extendere</span> <span class='ocrx_word' id='word_1_223' title='bbox 1398 2339 1589 2398; x_wconf 82' lang='lat' dir='ltr'>panem.</span> 
     </span>
    </p>
   </div>
   <div class='ocr_carea' id='block_1_7' title="bbox 28 2409 1592 2476">
    <p class='ocr_par' dir='ltr' id='par_1_8' title="bbox 28 2409 1592 2476">
     <span class='ocr_line' id='line_1_30' title="bbox 28 2409 1592 2476; baseline 0 -17"><span class='ocrx_word' id='word_1_224' title='bbox 28 2448 48 2467; x_wconf 83' lang='grc'><strong>.</strong></span> <span class='ocrx_word' id='word_1_225' title='bbox 136 2409 205 2459; x_wconf 87' lang='grc' dir='ltr'>Η.</span> <span class='ocrx_word' id='word_1_226' title='bbox 232 2409 334 2470; x_wconf 88' lang='grc' dir='ltr'><strong>ΙΙΙ,</strong></span> <span class='ocrx_word' id='word_1_227' title='bbox 359 2418 403 2463; x_wconf 90' lang='grc'>7.</span> <span class='ocrx_word' id='word_1_228' title='bbox 429 2412 493 2460; x_wconf 86' lang='lat' dir='ltr'>ad</span> <span class='ocrx_word' id='word_1_229' title='bbox 515 2413 682 2460; x_wconf 83' lang='lat' dir='ltr'>Galboe</span> <span class='ocrx_word' id='word_1_230' title='bbox 717 2412 948 2476; x_wconf 81' lang='lat' dir='ltr'>imagines</span> <span class='ocrx_word' id='word_1_231' title='bbox 983 2413 1233 2461; x_wconf 85' lang='lat' dir='ltr'>subversas</span> <span class='ocrx_word' id='word_1_232' title='bbox 1256 2412 1507 2461; x_wconf 86' lang='lat' dir='ltr'>additum:</span> <span class='ocrx_word' id='word_1_233' title='bbox 1546 2418 1592 2461; x_wconf 86' lang='lat' dir='ltr'>et</span> 
     </span>
    </p>
   </div>
   <div class='ocr_carea' id='block_1_8' title="bbox 133 2490 1598 3010">
    <p class='ocr_par' dir='ltr' id='par_1_9' title="bbox 133 2490 1591 2555">
     <span class='ocr_line' id='line_1_31' title="bbox 133 2490 1591 2555; baseline -0.001 -15"><span class='ocrx_word' id='word_1_234' title='bbox 133 2490 333 2540; x_wconf 83' lang='lat' dir='ltr'>Galbam</span> <span class='ocrx_word' id='word_1_235' title='bbox 355 2490 581 2539; x_wconf 83' lang='lat' dir='ltr'>auriculis</span> <span class='ocrx_word' id='word_1_236' title='bbox 597 2507 804 2555; x_wconf 85' lang='lat' dir='ltr'>nasoque</span> <span class='ocrx_word' id='word_1_237' title='bbox 825 2499 1062 2540; x_wconf 87' lang='lat' dir='ltr'>carentem</span> <span class='ocrx_word' id='word_1_238' title='bbox 1086 2507 1149 2540; x_wconf 87' lang='lat' dir='ltr'>ex</span> <span class='ocrx_word' id='word_1_239' title='bbox 1174 2492 1368 2540; x_wconf 86' lang='lat' dir='ltr'>eodem.</span> <span class='ocrx_word' id='word_1_240' title='bbox 1432 2490 1591 2550; x_wconf 91' lang='lat' dir='ltr'>Hinc,</span> 
     </span>
    </p>

    <p class='ocr_par' dir='ltr' id='par_1_10' title="bbox 134 2567 1595 2634">
     <span class='ocr_line' id='line_1_32' title="bbox 134 2567 1595 2634; baseline 0.001 -17"><span class='ocrx_word' id='word_1_241' title='bbox 134 2585 282 2634; x_wconf 88' lang='lat' dir='ltr'>quam</span> <span class='ocrx_word' id='word_1_242' title='bbox 306 2567 527 2633; x_wconf 89' lang='lat' dir='ltr'>proclive</span> <span class='ocrx_word' id='word_1_243' title='bbox 550 2568 719 2628; x_wconf 87' lang='lat' dir='ltr'>fuerit,</span> <span class='ocrx_word' id='word_1_244' title='bbox 745 2569 931 2634; x_wconf 88' lang='lat' dir='ltr'>aliquid</span> <span class='ocrx_word' id='word_1_245' title='bbox 961 2569 1012 2618; x_wconf 91' lang='lat' dir='ltr'>in</span> <span class='ocrx_word' id='word_1_246' title='bbox 1045 2577 1242 2618; x_wconf 87' lang='lat' dir='ltr'>textum</span> <span class='ocrx_word' id='word_1_247' title='bbox 1284 2569 1454 2628; x_wconf 89' lang='lat' dir='ltr'>inseri,</span> <span class='ocrx_word' id='word_1_248' title='bbox 1484 2569 1595 2634; x_wconf 85' lang='lat' dir='ltr'>quis</span> 
     </span>
    </p>

    <p class='ocr_par' dir='ltr' id='par_1_11' title="bbox 135 2646 1594 2713">
     <span class='ocr_line' id='line_1_33' title="bbox 135 2646 1594 2713; baseline 0 -18"><span class='ocrx_word' id='word_1_249' title='bbox 135 2663 237 2696; x_wconf 85' lang='lat' dir='ltr'>non</span> <span class='ocrx_word' id='word_1_250' title='bbox 260 2646 435 2696; x_wconf 86' lang='lat' dir='ltr'>videt?</span> <span class='ocrx_word' id='word_1_251' title='bbox 472 2664 586 2696; x_wconf 90' lang='lat' dir='ltr'>cum</span> <span class='ocrx_word' id='word_1_252' title='bbox 610 2648 661 2697; x_wconf 88' lang='lat' dir='ltr'>id</span> <span class='ocrx_word' id='word_1_253' title='bbox 685 2648 834 2697; x_wconf 84' lang='lat' dir='ltr'>ctiam</span> <span class='ocrx_word' id='word_1_254' title='bbox 871 2648 921 2696; x_wconf 92' lang='lat' dir='ltr'>in</span> <span class='ocrx_word' id='word_1_255' title='bbox 961 2647 1068 2697; x_wconf 87' lang='lat' dir='ltr'>aliis</span> <span class='ocrx_word' id='word_1_256' title='bbox 1098 2647 1236 2697; x_wconf 89' lang='lat' dir='ltr'>libris</span> <span class='ocrx_word' id='word_1_257' title='bbox 1277 2648 1513 2713; x_wconf 85' lang='lat' dir='ltr'>antiquis,</span> <span class='ocrx_word' id='word_1_258' title='bbox 1538 2656 1594 2696; x_wconf 87' lang='lat' dir='ltr'>ut</span> 
     </span>
    </p>

    <p class='ocr_par' dir='ltr' id='par_1_12' title="bbox 137 2725 1163 2786">
     <span class='ocr_line' id='line_1_34' title="bbox 137 2725 1163 2786; baseline -0.001 -11"><span class='ocrx_word' id='word_1_259' title='bbox 137 2725 414 2786; x_wconf 86' lang='lat' dir='ltr'>Ciceronis,</span> <span class='ocrx_word' id='word_1_260' title='bbox 438 2725 587 2786; x_wconf 86' lang='lat' dir='ltr'>Livii,</span> <span class='ocrx_word' id='word_1_261' title='bbox 611 2726 798 2776; x_wconf 83' lang='lat' dir='ltr'>factum</span> <span class='ocrx_word' id='word_1_262' title='bbox 819 2743 924 2776; x_wconf 85' lang='lat' dir='ltr'>esse</span> <span class='ocrx_word' id='word_1_263' title='bbox 950 2734 1163 2776; x_wconf 88' lang='lat' dir='ltr'>constet.</span> 
     </span>
    </p>

    <p class='ocr_par' dir='ltr' id='par_1_13' title="bbox 157 2803 1595 2871">
     <span class='ocr_line' id='line_1_35' title="bbox 157 2803 1595 2871; baseline 0 -19"><span class='ocrx_word' id='word_1_264' title='bbox 157 2828 161 2834; x_wconf 93' lang='lat'><strong>·</strong></span> <span class='ocrx_word' id='word_1_265' title='bbox 204 2803 509 2871; x_wconf 84' lang='lat' dir='ltr'>Interpretes</span> <span class='ocrx_word' id='word_1_266' title='bbox 533 2813 709 2854; x_wconf 86' lang='lat' dir='ltr'>nactus</span> <span class='ocrx_word' id='word_1_267' title='bbox 728 2814 803 2855; x_wconf 86' lang='lat' dir='ltr'>est</span> <span class='ocrx_word' id='word_1_268' title='bbox 827 2804 1036 2854; x_wconf 86' lang='lat' dir='ltr'>Tacitus</span> <span class='ocrx_word' id='word_1_269' title='bbox 1060 2821 1270 2854; x_wconf 86' lang='lat' dir='ltr'>numero</span> <span class='ocrx_word' id='word_1_270' title='bbox 1301 2804 1595 2871; x_wconf 82' lang='lat' dir='ltr'>permultos,</span> 
     </span>
    </p>

    <p class='ocr_par' dir='ltr' id='par_1_14' title="bbox 138 2883 1598 3010">
     <span class='ocr_line' id='line_1_36' title="bbox 138 2883 1598 2949; baseline -0.001 -17"><span class='ocrx_word' id='word_1_271' title='bbox 138 2884 226 2932; x_wconf 75' lang='lat' dir='ltr'>sed</span> <span class='ocrx_word' id='word_1_272' title='bbox 260 2899 360 2932; x_wconf 86' lang='lat' dir='ltr'>non</span> <span class='ocrx_word' id='word_1_273' title='bbox 397 2885 666 2935; x_wconf 85' lang='lat' dir='ltr'>admodum</span> <span class='ocrx_word' id='word_1_274' title='bbox 703 2884 884 2933; x_wconf 85' lang='lat' dir='ltr'>multos</span> <span class='ocrx_word' id='word_1_275' title='bbox 919 2883 1064 2934; x_wconf 87' lang='lat' dir='ltr'>valde</span> <span class='ocrx_word' id='word_1_276' title='bbox 1097 2885 1399 2949; x_wconf 86' lang='lat' dir='ltr'>probandos.</span> <span class='ocrx_word' id='word_1_277' title='bbox 1472 2883 1598 2948; x_wconf 78' lang='lat' dir='ltr'>Sunt</span> 
     </span>
     <span class='ocr_line' id='line_1_37' title="bbox 864 2964 953 3010; baseline -0.011 0"><span class='ocrx_word' id='word_1_278' title='bbox 864 2964 895 3010; x_wconf 83' lang='lat' dir='ltr'>d</span> <span class='ocrx_word' id='word_1_279' title='bbox 921 2971 953 3009; x_wconf 83' lang='lat'><em>4</em></span> 
     </span>
    </p>
   </div>
  </div>
 </body>
</html>
