1924 3236
668 151 792 204 mn}
819 162 887 203 v1.

922 164 1052 203 CAP.
1077 169 1143 204 33.
1523 170 1602 205 863

155 292 161 298 -
180 266 318 310 banus
334 265 491 310 tardari
512 273 647 317 metu,
665 264 798 307 modo
819 264 1023 322 cupidine
1044 263 1247 308 vindictae
1268 254 1546 309 inardescere.
1561 276 1604 308 et
1615 281 1654 314 Α,
1671 267 1716 314 u',

179 322 634 374 barbaris'cunc‘tatio,
656 323 843 364 servilis:
875 324 1020 364 statim
1052 322 1245 379 exsequi,
1275 322 1464 379 Regium
1487 324 1604 365 vide·
1628 327 1703 359 788·

181 390 266 424 tur.
308 378 472 422 *valuit
509 384 654 422 tamen
695 380 872 430 utilitas,
912 389 961 421 ut
1001 379 1192 429 Abdum,
1222 379 1364 435 specie
1402 381 1605 423 amicitiae

1619 369 1657 398 Α.
1672 365 1717 398 C.-

1639 411 1695 440 3⁵.

180 447 384 480 vocatum
406 437 459 480 ad
480 437 643 494 epulas,
663 437 780 479 lento
803 449 967 479 veneno
990 437 1218 494 inligaret3
1248 437 1462 478 Sinnacen
1484 438 1609 479 dissi-

182 494 418 537 mulatione
439 510 489 537 ac
506 495 646 546 donis,
659 493 782 535 simul
807 508 881 550 per
901 495 1091 550 negotia,
1113 502 1365 535 moraretur.
1396 491 1453 535 Et
1477 493 1611 535 Phra-

181 550 305 594 hates
326 553 438 610 apud
464 551 651 608 Syriam,
673 551 790 602 dum,
808 551 967 592 omisso
986 551 1104 592 cultu
1126 550 1343 601 Romano,
1355 551 1424 592 cui
1448 564 1526 607 per
1548 560 1614 591 tot

181 622 319 651 annos
341 610 599 660 insueverat,
622 608 821 650 instituta
843 608 1099 650 Parthorum
1125 607 1316 658 insumit,
1339 607 1488 663 patriis
1522 621 1615 648 mo-

182 667 304 708 ribus
326 667 464 723 inpar,
485 667 638 708 morbo
660 666 914 721 absumptus
935 674 1014 707 est.

1075 665 1156 706 Sed
1177 679 1263 705 nou
1285 663 1485 706 Tiberius
1506 664 1615 706 omi-

183 723 241 765 sit
271 724 458 780 incepta.
516 722 754 772 Tiridaten,
777 722 998 779 sanguinis
1034 721 1242 777 ejusdem,
1261 721 1462 763 aemulum
1487 721 1615 763 Arta-

184 781 313 832 bano,
329 779 706 837 reciperandaeque
718 778 935 821 Armeniae
956 778 1127 820 Iberum
1148 778 1434 820 Mithridaten
1449 778 1616 835 deligit,

184 838 474 893 conciliatque
495 836 616 878 fratri
641 835 937 886 Pharasmani,
958 836 1032 891 qui
1063 836 1223 891 gentile
1254 835 1479 892 imperium
1503 836 1618 878 obti-

186 896 341 936 nebat:
372 902 417 936 et
436 894 620 946 cunctis,
642 907 740 950 quae
771 893 886 951 apud
918 892 1140 935 Orientem
1172 893 1445 949 parabantur,
1470 893 1518 936 L.
1541 893 1618 935 vi-

186 952 352 994 tellium
371 951 645 1008 praeiecit.eo
662 951 716 992 de
737 950 927 1003 homine,
946 950 1059 991 haud
1081 964 1174 991 sum
1198 950 1388 1006 ignarus,
1401 950 1618 992 sinistram

185 1008 230 1051 in
253 1010 358 1051 urbe
376 1009 551 1060 famam,
567 1007 768 1065 pleraque
786 1007 907 1049 foeda
924 1007 1149 1049 memorari
1167 1023 1176 1048 :
1199 1017 1405 1058 ceterum,
1420 1007 1617 1063 regendis

168 1066 422 1122 “provinciis
446 1066 585 1122 prisca
607 1066 765 1106 virtute
781 1066 887 1106 ertit.
929 1063 1055 1106 Unde
1078 1077 1308 1121 regressus,
1325 1074 1370 1105 et
1389 1064 1619 1106 formidine

191 1123 245 1165 C.
259 1122 458 1175 Caesaris,
474 1122 765 1165 familiaritate
779 1100 967 1173 Claudii,
985 1132 1108 1178 turpe
1123 1122 1165 1163 in
1180 1121 1400 1163 servitium
1414 1130 1621 1172 mutatus,

187 1180 409 1236 exemplar
429 1180 541 1236 apud
564 1190 758 1236 posteros
779 1179 1006 1221 adulatorii
1040 1178 1262 1220 dedecoris
1291 1178 1499 1221 habetur:
1529 1193 1622 1221 ces-

188 1248 420 1292 seruntque
442 1238 579 1293 prima
602 1238 844 1294 postremi3‚
864 1247 908 1278 et
931 1235 1255 1292 bonajuventae
1279 1244 1473 1277 senectus
1496 1235 1621 1292 flagi·

189 1294 303 1335 tiosa
322 1295 604 1336 oblitteravit.

663 1293 724 1336 At
745 1309 800 1335 ex
830 1294 1023 1350 Regalis,
1046 1294 1162 1350 prior
1197 1293 1477 1334 Mithridates
1507 1292 1686 1341 Pha-33

191 1354 415 1394 rasmanen
445 1351 647 1408 perpulit,
665 1351 765 1393 dolo
795 1361 839 1392 et
868 1353 909 1392 vi
941 1359 1121 1393 conatus
1153 1365 1252 1391 suos
1279 1349 1457 1405 juvare:
1479 1364 1621 1406 reper-

192 1409 314 1465 tique
343 1418 615 1465 corruptores
646 1408 866 1450 ministros
897 1408 1070 1450 Arsacis
1102 1407 1238 1448 multo
1267 1421 1370 1448 auro
1401 1406 1455 1450 ad
1486 1408 1622 1450 scelus

194 1475 381 1523 cogunt:
400 1466 539 1507 rsimul
565 1465 679 1508 Iberi
711 1468 879 1521 magnis
910 1466 1048 1522 copiis
1072 1464 1319 1506 Armeniam
1355 1464 1621 1522 inrumpunt,

190 1532 236 1564 et
257 1523 362 1564 urbe
382 1522 595 1565 Artaxata
614 1523 855 1580 potiuntur.

917 1522 1028 1570 Quae
1052 1531 1279 1579 postquam
1301 1520 1524 1564 Artabano
1545 1537 1620 1564 co-

194 1580 334 1636 gnita,
358 1580 494 1621 filium
521 1579 696 1622 Oroden
719 1581 899 1622 ultorem
933 1590 1068 1637 parat,
1089 1578 1246 1635 datque
1271 1578 1528 1621 Parthorum
1551 1593 1624 1622 eo-

235 1685 333 1718 Modo
347 1687 498 1727 cupidine
510 1686 659 1717 vindic-m
672 1684 888 1726 inardescere]

196 1726 385 1760 Desiderari
421 1730 563 1759 alterum
595 1730 699 1766 modo,
726 1728 890 1760 concedo:

196 1769 255 1802 sed
277 1770 485 1802 inserendum
509 1780 591 1807 esse,
607 1776 645 1802 ut
660 1781 734 1802 cum
759 1770 893 1801 Μαι-σω

196 1813 269 1844 vult
284 1812 462 1849 Acidalius,
479 1822 564 1852 nego
585 1822 660 1844 cum
675 1812 747 1844 Jac.
764 1812 892 1844 Grono-

193 1855 257 1886 viu.
298 1854 435 1886 Tacitus
448 1855 494 1886 sie
506 1860 540 1885 et
554 1854 632 1886 alibi
645 1866 652 1885 :
676 1864 780 1894 neque
795 1853 892 1885 modo

195 1897 232 1970 ἰέι
262 1895 324 1928 hac
350 1896 527 1939 particula,
548 1896 605 1928 sed
625 1897 727 1929 etiam
750 1898 784 1928 in
807 1897 891 1929 aliis.

227 1946 284 1970 m«.

238 1979 344 2013 Lento
364 1989 484 2011 veneno
505 1978 670 2020 illigaret]
694 1978 748 2011 sie
763 1979 890 2012 Hereu-

195 2021 245 2054 ies
267 2032 320 2064 ap.
335 2021 531 2063 Sophoclem
547 2023 582 2053 in
605 2022 752 2054 versione
774 2021 895 2054 Latina

198 2065 270 2096 Cic.
293 2064 394 2097 Tuae.
418 2067 450 2101 2,
475 2069 506 2097 8.
552 2063 624 2104 Ipse
638 2065 791 2104 illigatus
805 2069 896 2105 peste

195 2108 368 2139 interimor
393 2107 513 2146 textili,
533 2106 574 2137 de
599 2111 689 2137 veste
709 2112 891 2138 venenata:

197 2148 254 2180 ubi
277 2149 313 2181 in
335 2149 451 2180 Groeeo
474 2147 643 2189 Sophoclis
664 2152 715 2179 est
739 2146 893 2193 χιιςηῖιῖς.

196 2191 260 2223 Sed
275 2192 391 2224 Cicero
407 2190 448 2222 ad
463 2197 589 2223 vestem
609 2199 658 2222 res
681 2191 760 2230 exit,
774 2192 813 2223 de
828 2202 894 2232 qua

196 2239 275 2265 ame
302 2233 430 2265 dixerat
465 2234 606 2265 irretire.
697 2233 726 2264 ie
760 2234 895 2274 illigare

197 2274 327 2306 videtur
339 2276 405 2306 vim
429 2275 626 2317 impediendi
649 2275 781 2313 habere,
797 2282 836 2308 ut
858 2276 892 2307 in

196 2314 257 2348 illo
267 2317 395 2359 Virgilii
410 2316 488 2350 AEn.
504 2320 555 2355 10,
568 2319 643 2352 794.
657 2318 785 2350 inutilis
798 2319 895 2359 inque

200 2359 336 2399 ligatus.
374 2359 459 2391 ERN.

241 2401 402 2443 Immit]
426 2402 480 2433 Sic
492 2401 566 2434 MS.
581 2400 774 2438 Beroaldus,
786 2401 893 2433 Aleia-

200 2447 268 2482 tus,
302 2442 494 2482 Rhenanus,
520 2443 623 2476 Aldus
651 2448 715 2475 cet.
765 2442 894 2485 Lipsius

195 2485 299 2519 facite
313 2485 415 2517 edidit
433 2488 544 2517 eumit.
591 2485 733 2517 piebem
754 2486 895 2517 correxit

198 2529 350 2566 resumit,
363 2528 451 2569 quod
466 2527 542 2559 inde
554 2527 587 2558 in
604 2528 682 2559 alias
697 2528 769 2559 edd.
787 2527 895 2560 fluxit.

197 2569 270 2603 διε.
285 2570 470 2602 Gronovius
484 2570 631 2601 restituit
645 2571 795 2607 insumit,
811 2569 897 2611 quod

200 2612 322 2644 imitati
338 2621 461 2644 sumus.
502 2611 657 2644 Tacitum
672 2611 719 2643 sic
735 2613 898 2655 scripsisse

203 2652 271 2686 n'on
299 2655 471 2687 affirmem.
517 2653 628 2686 Sumit
656 2663 769 2685 verum
804 2660 897 2696 puto.

203 2694 247 2730 In
261 2702 376 2733 natum
392 2701 442 2728 est
456 2707 473 2728 e
487 2695 580 2728 finali
595 2695 807 2734 precedentis
825 2706 895 2728 ver-

201 2738 248 2777 bi,
276 2745 315 2771 ut
342 2748 428 2780 soepe
456 2738 544 2771 alibi.
590 2738 676 2771 Ean.
718 2738 822 2770 Recte
849 2740 895 2770 sic

202 2782 352 2813 omnino.
395 2781 615 2817 noxum-nius.
643 2782 722 2813 item
751 2780 897 2813 Hillerus

201 2823 370 2855 malebant
381 2823 502 2855 induit.
536 2823 598 2854 Cui
613 2823 727 2855 bono?

243 2864 427 2906 Pleraque]
452 2865 491 2897 Ιιι
516 2874 620 2906 marg.
639 2864 721 2900 edit.
744 2865 803 2899 eit.
826 2874 894 2899 non

203 2914 301 2939 nemo
310 2908 486 2951 pluraque.
499 2916 567 2939 non
583 2906 680 2941 malo.

975 1683 1163 1725 Exemplar
1181 1684 1274 1725 apud
1291 1684 1446 1726 posteros]
1476 1685 1626 1726 Con-iga-

934 1736 1006 1757 mus
1028 1737 1105 1768 ergo
1128 1728 1297 1764 Senecam,
1313 1727 1366 1758 nbi
1390 1728 1487 1767 vulgo
1502 1727 1624 1760 Natur.

938 1769 1063 1810 Quaest.
1074 1771 1107 1801 4.
1122 1769 1212 1810 praef.
1234 1770 1329 1800 Alius
1341 1769 1528 1801 adulatione
1539 1772 1627 1802 clam

934 1816 1047 1842 utetur
1057 1824 1070 1850 ,·
1092 1813 1179 1843 alius
1199 1821 1239 1842 ez·
1252 1815 1364 1852 aperto
1379 1813 1510 1852 palam.
1523 1813 1627 1844 msti-

935 1855 1034 1885 eitate
1051 1855 1221 1890 simulata,
1236 1855 1329 1894 quasi
1349 1854 1540 1902 sionelicitas
1554 1855 1627 1892 illa,

934 1905 999 1926 non
1012 1905 1070 1928 ars
1079 1897 1134 1929 sit.
1170 1895 1320 1927 maneus
1332 1897 1456 1937 arcyez·
1466 1900 1543 1928 ante
1557 1896 1627 1927 Vil-

934 1940 1023 1969 lenm
1047 1939 1224 1974 maximus,
1252 1938 1373 1977 aiebat,
1401 1947 1465 1969 mm
1492 1949 1556 1970 esse
1579 1949 1628 1970 oc-

933 1982 1031 2018 culte,
1045 1991 1104 2014 nec
1117 1990 1158 2012 ec
1168 1980 1370 2012 diu-'mulam
1384 1981 1627 2013 blandiendum.

937 2028 972 2053 et
998 2023 1158 2063 legamus,
1180 2027 1257 2054 ante
1283 2021 1461 2054 Vitellium.
1503 2022 1628 2055 Villeus

937 2065 1024 2096 enim
1040 2065 1192 2104 ignotus:
1209 2070 1243 2096 at
1254 2063 1378 2096 Vitellii
1394 2065 1493 2107 liujus
1508 2066 1633 2097 mirum.

937 2107 971 2138 in
994 2105 1157 2138 adulando
1183 2106 1368 2148 ingenium,
1389 2109 1489 2139 etiam
1512 2108 1628 2140 Sueto-

937 2150 1010 2179 nius
1033 2148 1176 2182 celebrat
1196 2159 1226 2181 e.
1241 2151 1272 2182 52.
1287 2150 1322 2180 in
1343 2149 1490 2188 Vitellio,
1505 2155 1540 2182 et
1563 2150 1628 2182 Dio

935 2192 989 2231 59,
1003 2195 1055 2226 27.
1100 2191 1240 2223 Plancus
1255 2197 1365 2223 autem
1386 2192 1420 2223 in
1441 2192 1565 2224 Seneca
1578 2198 1629 2224 est

935 2243 974 2307 ἒιῖζ
986 2232 1628 2318 2:13„szssusstlvssssffmffissel'35:334

935 2317 974 2348 Β.
988 2318 1058 2349 Civ.
1071 2321 1103 2355 5,
1120 2321 1171 2350 50.
1206 2318 1297 2350 Lirs.

947 2363 958 2374 ⁰
976 2361 1032 2391 Ad
1042 2362 1144 2392 scelus
1157 2360 1289 2401 cogunt]
1303 2359 1351 2392 Ad
1366 2359 1629 2392 interficiendum

935 2411 1060 2434 veneno
1069 2403 1263 2440 Arsacemut
1274 2408 1360 2434 reete
1371 2401 1531 2434 Muretus.
1543 2402 1630 2435 Ean.

984 2442 1070 2476 Urbe
1079 2444 1262 2484 Artem-ata]
1280 2443 1410 2481 Malim,
1422 2446 1544 2476 urbem.
1563 2445 1630 2477 Ta-

938 2495 1014 2518 men
1036 2494 1069 2519 et
1093 2488 1284 2519 Artaxatam
1306 2491 1340 2517 et
1359 2484 1639 2531 Tigranocertam

937 2529 1044 2568 priore
1065 2539 1201 2560 numero
1222 2532 1334 2560 noster
1356 2527 1474 2569 aliique
1495 2530 1631 2571 scripse·

940 2576 1029 2601 runt.
1065 2570 1158 2603 st.

982 2612 1104 2644 Filium
1124 2611 1264 2653 Oroden]
1282 2611 1396 2644 Omnis
1410 2612 1480 2646 haec
1493 2612 1636 2645 hinton-iet

940 2655 1026 2696 apud
1041 2654 1220 2697 Josephum
1238 2657 1289 2691 18.
1303 2657 1335 2686 9.
1371 2653 1464 2687 Ln’s.

982 2697 1115 2739 Datque
1128 2696 1333 2729 Parthorum
1348 2696 1470 2738 copias]
1489 2697 1558 2728 MS.
1571 2696 1630 2728 dne

939 2737 1225 2780 Parthorumque:
1255 2739 1342 2779 quod
1365 2740 1437 2771 Jae.
1460 2739 1626 2770 Gronovio

939 2780 1059 2822 placet.
1076 2791 1142 2812 non
1158 2781 1251 2813 mihi.
1295 2781 1357 2813 Sed
1381 2782 1413 2812 in
1429 2780 1555 2820 copulis
1570 2781 1631 2812 ali-

938 2823 1016 2863 quid
1029 2823 1083 2855 hic
1096 2825 1267 2856 turbatum
1281 2822 1420 2864 amplius
1434 2821 1540 2854 credo.
1578 2823 1631 2855 An

937 2865 1067 2907 scripsit
1090 2865 1245 2898 Tacitus:
1277 2865 1335 2896 dut
1365 2864 1633 2907 Parmos-umque

936 2909 1054 2949 copias.
1068 2912 1099 2940 et
1111 2908 1167 2950 qui
1179 2906 1307 2940 aua-ilia
1321 2905 1632 2946 mercedesacerene.
