1924 3236
349 117 452 158 370.
890 118 1265 162 AfNNALIUM

246 217 385 297 ἐξὲξ*
410 231 547 274 neque
567 218 681 274 quod
707 218 756 260 L.
773 217 980 262 Aruseius
996 229 1134 262 morte
1147 221 1307 266 adfecti
1329 222 1486 275 forent,
1507 223 1809 269 adsuetudine·

253 308 346 340 A.C.
360 274 583 327 malorum,
606 286 653 319 ut
674 284 814 327 atrox,
838 277 1155 330 advertebatur,
1175 279 1249 320 sed
1270 281 1493 333 exterruit,
1517 282 1632 337 quod
1655 282 1809 327 Vibu-

271 350 325 381 36.
358 331 479 397 lenus
500 332 712 397 Agrippa,
732 332 876 397 Eques
898 333 1138 387 Romanus,
1160 350 1259 378 cum
1279 349 1549 393 perorassent
1570 349 1794 384 accusato-

358 404 440 441 res,
463 404 509 435 m
539 403 634 446 ipsa
664 404 784 431 cuna
814 390 1117 448 depromptum
1143 393 1237 434 sinu
1261 407 1472 436 venenum
1496 395 1663 449 hausit;
1692 411 1793 454 pro..

1046 448 1056 457 a

126 238 174 289 -4-

357 447 586 503 lapsusque
616 462 666 487 ac
697 446 994 500 moribundus,
1034 449 1248 491 festinatis
1288 450 1488 497 lictorum
1517 455 1717 499 manibus
1747 469 1811 498 in·
1857 464 1862 470 '
1902 467 1913 472 ‘

357 518 571 547 carcerem
594 512 739 559 raptus
760 513 839 555 est,
856 503 1190 563 faucesquejam
1204 507 1417 549 exanimis
1435 508 1589 564 laqueo
1607 520 1792 556 vexatae.

358 560 429 603 Ne
463 560 671 616 Tigranes
704 561 893 615 quidem,
915 561 1124 605 Armenia
1157 564 1373 620 quondam
1400 567 1586 621 potitus»,
1607 581 1658 610 ac
1690 577 1809 613 tunc.

357 633 469 669 reus,
490 618 664 663 nomine
688 617 829 674 Regio
851 620 1063 676 supplicia
1083 621 1243 663 civium
1267 621 1437 678 effugit.
1486 622 1547 664 At
1571 622 1623 665 C.
1638 623 1794 678 Galba,

360 673 627 725 Consularis,
640 683 684 716 ct
705 674 791 716 duo
814 675 952 722 ,Blaesi
979 677 1222 720 voluntario
1245 680 1365 722 exitu
1389 679 1608 723 cecidere:
1640 680 1797 734 Galba,

359 732 554 776 tristibus
591 731 776 774 Caesaris
818 733 973 775 litteris
1015 736 1282 791 provinciam
1325 736 1484 788 sortiri,
1526 736 1797 793 prohibitus;
1824 766 1827 768 -

359 788 514 830 Blaesis
531 789 785 841 sacerdotia,
808 790 976 848 integra
996 806 1143 834 eorum
1176 793 1307 836 domo
1340 794 1570 846 destinata,
1591 794 1805 842 convulsa

359 846 607 888 distulerat:
648 856 766 898 tune,
796 858 843 889 ut
881 863 1028 901 vacua,
1060 850 1244 892 contulit
1265 851 1309 892 in
1332 850 1590 906 alios.,quod
1623 852 1797 910 signum

358 904 512 945 mortis
551 904 824 960 intellexere3
854 904 899 946 et
935 907 1129 948 exsecuti
1167 915 1281 948 sunt.
1333 907 1391 949 Et
1420 907 1599 950 AEmilia
1621 908 1800 967 Lepida,

361 975 489 1016 quam
505 960 658 1017 juveni
684 961 827 1003 Druso
851 971 1030 1018 nuptam
1053 963 1192 1015 retuli,
1215 964 1376 1007 crebris
1396 965 1649 1020 criminibus
1671 967 1810 1012 mari-.
1863 1002 1868 1007 .

361 1028 455 1060 tuin
483 1019 690 1070 insecuta,
713 1033 973 1074 quamquam
1006 1020 1280 1072 intestabilis,
1301 1030 1442 1063 tamen
1465 1022 1678 1079 impunita
1698 1038 1799 1082 age-

360 1075 452 1127 bat,
475 1075 578 1117 dum
601 1075 814 1132 superfuit
853 1085 973 1133 pater
1006 1077 1195 1134 Lepidus
1211 1095 1223 1130 3
1239 1079 1241 1082 ⁴
1256 1089 1353 1134 post
1375 1094 1399 1119 a
1421 1079 1683 1120 delatoribus
1703 1096 1798 1123 cor-

362 1133 518 1189 ripitur
543 1133 599 1174 ob
629 1147 797 1174 servum
831 1133 1100 1177 adulterum:
1133 1149 1213 1177 nec
1241 1135 1523 1178 dubitabatur
1540 1136 1594 1178 de
1616 1137 1799 1203 flagitio.

295 1197 345 1233 41
364 1205 482 1246 ergo,
505 1191 665 1232 omissa
685 1189 951 1243 defensione,
973 1191 1103 1233 finem
1126 1192 1230 1234 vitae
1253 1193 1333 1234 sibi
1358 1194 1519 1249 posuit.
1583 1192 1666 1235 Per
1686 1193 1811 1236 idem

364 1257 534 1304 tempus
558 1246 768 1290 Clitarum
791 1248 926 1300 natio,
952 1248 1204 1306 Cappadoci
1230 1249 1444 1291 Archelao
1468 1250 1680 1306 subjecta,
1699 1252 1809 1308 quia·

362 1315 558 1347 nostrum
591 1305 632 1346 in
667 1305 843 1347 modum
859 1305 1001 1348 defer·
1199 1339 1210 1358 ,
1235 1307 1323 1363 pati
1348 1307 1510 1349 tributa
1531 1308 1801 1365 adigebatur,

362 1363 535 1418 injuga
560 1361 690 1404 Tauri
727 1363 886 1404 montis
921 1364 1154 1406 abscessit:
1185 1364 1467 1421 locorumque
1500 1365 1678 1422 ingenio
1712 1375 1814 1408 sesev

363 1429 516 1460 contra
536 1419 713 1461 inbelles
747 1419 881 1476 Regis
913 1435 965 1463 co
1000 1421 1060 1462 ias
1093 1421 1334 1463 tutabatur:
1379 1422 1517 1464 donec
1540 1420 1804 1465 M.Trebel—

363 1476 460 1528 lius,
483 1476 682 1532 Legatus,
703 1493 727 1517 a
752 1477 942 1529 Vitellio,
1005 1478 1156 1520 raeside
1178 1479 1332 1534 Syriae,
1354 1494 1450 1520 curn
1471 1489 1659 1535 quatuor
1676 1479 1805 1522 milli-

365 1534 445 1575 bus
480 1534 815 1591 legionariorum
848 1545 892 1576 et
920 1535 1097 1576 delectis
1126 1535 1298 1577 auxiliis
1327 1537 1496 1577 missus.
1527 1536 1634 1578 duos
1666 1536 1804 1589 collis,

362 1606 471 1646 quos
494 1592 664 1645 barbari
689 1591 930 1634 insederant
951 1593 1126 1646 (minori
1153 1591 1307 1644 Cadra,
1320 1593 1438 1634 alteri
1455 1592 1631 1636 Davara
1646 1609 1812 1636 nornenv

362 1650 448 1697 est)
470 1649 672 1704 operibus
694 1649 1004 1692 circumdedit:
1049 1659 1093 1691 et
1107 1665 1329 1706 erumpere
1347 1665 1472 1692 ausos
1493 1650 1620 1703 ferro,
1638 1660 1803 1694 ceteros

365 1707 451 1755 siti,
467 1707 517 1746 ad
536 1706 801 1747 deditionem
820 1707 982 1763 coegit.
1021 1706 1083 1748 At
1103 1706 1333 1759 Tiridates,
1352 1707 1596 1750 volentibus
1617 1707 1806 1760 Parthis,

367 1762 684 1819 Nicephorium
704 1773 747 1804 et
763 1763 1127 1817 Anthemusiada,
1149 1774 1398 1820 ceterasque
1421 1766 1561 1818 urbes,
1582 1778 1680 1821 quae
1703 1764 1805 1808 Ma-

407 1890 591 1923 Vibulenus
606 1892 770 1933 Agrippa]
793 1892 932 1924 Vibilius
945 1893 1065 1926 dicitur
1106 1894 1262 1924 dicuntur
1276 1894 1317 1925 ab
1330 1893 1443 1925 eodem
1459 1893 1577 1925 Tacito
1590 1896 1640 1932 12,
1657 1896 1707 1926 55.
1734 1894 1808 1927 Nec

363 1933 465 1964 Dioni
485 1937 537 1971 58,
551 1937 586 1964 ΕΗ
596 1957 603 1964 .
650 1933 739 1964 Llrs.
1106 1937 1207 1966 multo
1219 1941 1288 1978 post
1303 1937 1486 1975 agrestium
1502 1937 1639 1967 Cilicum
1647 1938 1808 1974 nationes,

407 1975 539 2015 Laqueo
555 1976 691 2016 vcaeatoe]
719 1976 768 2008 Ut
782 1976 955 2017 publicatis
972 1976 1065 2008 bonis
1107 1979 1223 2017 quibus
1261 1978 1425 2010 Clitarum
1470 1983 1716 2017 cognomentum
1746 1984 1808 2021 cst.

363 2018 534 2059 sepultura
548 2018 786 2059 prohiberetur.
816 2019 868 2050 Cf.
885 2029 914 2050 e.
930 2021 983 2054 29.

406 2058 485 2091 Duo
495 2060 611 2100 Bloesi]
630 2060 681 2090 Sic
693 2060 773 2092 bene
782 2060 909 2092 edidere
920 2061 1065 2102 Ryckius

363 2109 399 2131 et
419 2102 490 2132 Jac.
507 2103 610 2133 Gron.
634 2107 711 2133 ante
732 2102 889 2134 edebatur
904 2103 1018 2134 Blasii
1031 2109 1066 2134 et

364 2142 504 2175 Blaesiis.
521 2155 596 2175 nain
608 2145 642 2174 in
655 2145 727 2175 MS.
739 2155 815 2176 mox
828 2145 955 2176 Bloesz's.
979 2146 1067 2177 ERN.

413 2186 519 2223 Galba
530 2187 676 2218 tristibus
690 2188 823 2218 Coesaris
839 2187 966 2228 litteris]
991 2187 1068 2219 Fra-

365 2231 417 2258 ter
429 2234 478 2259 est
491 2229 590 2265 illius,
604 2230 657 2269 qui
671 2234 783 2270 postea
796 2230 960 2271 Princeps.
973 2230 1066 2261 Suet.

365 2269 460 2302 Galb.
486 2274 518 2302 3.
558 2270 654 2302 C'az'us
688 2272 813 2302 attritis
840 2270 1068 2311 facultatibus

363 2312 445 2342 urbe
455 2314 559 2349 cessit,
566 2314 812 2354 prohibitusque
825 2324 847 2344 a
861 2312 988 2345 Tiberio
1001 2325 1069 2345 sor-

365 2355 424 2384 tiri
438 2365 524 2386 anno
538 2365 592 2386 suo
614 2355 903 2394 proconsulatum,
917 2358 1069 2388 volunta-

365 2398 419 2426 ria
434 2401 537 2429 morte
549 2398 636 2429 obiit.
671 2398 763 2429 Lll‘s.

405 2437 556 2471 AEmilia
573 2439 712 2481 Lepida,
723 2438 947 2480 quamjuveni
958 2438 1068 2472 Druso

364 2485 505 2520 nuptam
530 2482 658 2523 rettuli]
695 2482 867 2521 Nusquam
896 2482 929 2512 id
953 2482 989 2513 in
1016 2483 1067 2515 his

365 2519 456 2553 libris
470 2524 642 2564 scriptum.
687 2523 779 2557 Lxrs.

405 2564 528 2596 «Inveni
544 2565 671 2606 Druso]
711 2565 897 2598 Germanici
913 2563 995 2606 filio,
1011 2569 1068 2608 qui

357 2607 463 2646 ,periit
478 2618 506 2638 a.
521 2609 595 2642 786.
639 2608 713 2640 Vid.
732 2619 759 2640 e.
777 2610 830 2638 23.
878 2608 962 2639 Eas.

407 2647 621 2691 Intestabilis]
644 2650 718 2681 vid.
735 2661 764 2682 e.
781 2653 832 2681 51.
849 2655 931 2682 extr.
960 2653 1045 2684 ERN.

410 2690 515 2724 Pater
530 2691 688 2732 Lepidus]
715 2691 869 2723 Mortuus
885 2694 995 2734 paucis
1008 2704 1065 2726 an-

364 2733 414 2766 nis
430 2739 520 2765 ante.
548 2733 622 2765 Vid.
638 2745 668 2765 c.
687 2735 738 2768 27.
784 2733 872 2766 ERN.

409 2773 572 2807 Clitarum
595 2777 684 2806 natio
711 2776 1062 2816 Cumauam-immelie-

363 2819 414 2848 lan
443 2817 601 2863 sulgjecta]
640 2817 730 2849 Male
758 2817 871 2859 vulgo,
901 2817 1064 2851 OElarum.

1108 2020 1186 2051 Ideo
1203 2020 1255 2051 hic
1269 2020 1417 2060 legerim,
1434 2021 1597 2052 Clitarum
1608 2022 1712 2058 natio,
1726 2020 1810 2062 Cap·

1102 2062 1221 2102 padoci
1242 2063 1402 2094 Archelao
1423 2061 1580 2104 subjecta.
1617 2062 1706 2094 Nam
1729 2063 1810 2094 Cili·

1109 2105 1160 2136 eia
1173 2112 1394 2142 cognomento
1415 2105 1445 2136 T
1449 2105 1565 2143 rachea
1586 2105 1733 2146 proprios
1745 2105 1810 2137 Re-

1110 2156 1165 2186 ges
1203 2146 1320 2178 habuit
1355 2147 1396 2178 ad
1430 2152 1581 2188 tempora
1605 2146 1809 2188 Vespasiani.

1112 2189 1198 2220 Cave
1212 2190 1314 2227 enirn,
1329 2188 1368 2219 de
1382 2189 1542 2220 Archelao
1553 2190 1713 2230 acceperis
1725 2190 1812 2230 Cap-

1109 2231 1270 2272 padocum
1293 2231 1400 2271 Rege,
1417 2231 1471 2271 qui
1495 2231 1619 2271 pridem
1644 2235 1808 2270 mortuus,

1109 2278 1144 2304 et
1172 2283 1308 2313 regnum
1331 2275 1401 2313 ejus
1426 2274 1461 2304 in
1489 2273 1690 2314 provinciam
1720 2273 1813 2305 reda-

1110 2320 1213 2346 ctum.
1234 2314 1353 2346 Nescio
1367 2320 1493 2352 tamen,
1509 2325 1552 2346 an
1566 2314 1620 2347 hic
1633 2314 1812 2347 Archelaus

1110 2358 1178 2397 ejus
1208 2356 1295 2387 filius
1321 2357 1437 2388 suerit:
1462 2356 1534 2389 ideo
1557 2357 1734 2399 Cappadox
1762 2356 1812 2389 di-

1110 2398 1195 2430 ctus.
1240 2399 1357 2430 Postea
1371 2410 1390 2430 a
1405 2398 1547 2431 Pichena
1572 2401 1751 2437 monitum,
1768 2399 1812 2433 ,in

1110 2442 1232 2482 scripto
1244 2442 1290 2471 sic
1310 2442 1411 2472 etiam
1425 2451 1505 2472 esse.
1548 2440 1642 2473 Lms.
1685 2441 1726 2472 In
1739 2440 1812 2472 cod.

1109 2488 1160 2515 est
1182 2483 1369 2521 metarum,
1392 2488 1484 2515 teste
1500 2483 1656 2516 Pichena.
1698 2481 1812 2517 Noris.

1109 2525 1150 2556 ad
1165 2526 1282 2558 Cenot.
1298 2526 1363 2557 Pis.
1379 2530 1411 2563 2,
1426 2524 1475 2563 16,
1493 2528 1543 2560 10.
1558 2525 1614 2556 ubi
1627 2524 1662 2558 b.
1676 2523 1701 2556 1.
1716 2525 1812 2562 citat,

1111 2566 1211 2599 habet
1240 2568 1437 2599 Calitarum.
1482 2567 1583 2599 Porro
1610 2564 1680 2598 cod.
1710 2565 1812 2598 habet

1115 2609 1309 2651 Cappadoci,
1325 2610 1489 2641 recentior
1513 2618 1628 2642 manus
1641 2605 1813 2641 addiderat

1108 2662 1138 2689 e,
1153 2652 1238 2683 unde
1253 2662 1344 2683 error
1358 2653 1392 2683 in
1408 2651 1558 2692 vulgatos
1580 2650 1680 2682 libros
1703 2656 1814 2684 trans-

1108 2695 1161 2726 iit.
1201 2693 1379 2725 Archelaus
1403 2694 1463 2725 iste
1486 2694 1573 2727 filius
1596 2698 1646 2724 est
1668 2693 1751 2734 ejus,
1773 2692 1814 2735 de

1111 2745 1176 2776 quo
1190 2738 1222 2774 2,
1237 2738 1291 2774 42,
1308 2735 1358 2767 56.
1806 2761 1808 2767 .

1147 2777 1378 2810 Macedonibus
1399 2776 1483 2817 siloe]
1509 2775 1646 2808 Frustra
1669 2774 1816 2814 Faernus

1098 2819 1197 2860 ,iubet
1213 2820 1324 2860 reponi
1339 2829 1362 2850 a
1373 2819 1502 2850 Maced.
1519 2825 1557 2851 ut
1569 2822 1664 2856 3,38.
1686 2816 1815 2851 Verum

362 2856 466 2893 Iidem
483 2861 592 2899 Clitoe,
609 2859 740 2900 Cilices,
756 2861 830 2893 hon
854 2862 1063 2904 Cappadoces
1105 2865 1141 2907 et
1154 2864 1187 2902 2,
1202 2866 1234 2898 7.
1249 2861 1371 2904 legitur
1385 2860 1501 2896 Druso
1514 2862 1627 2895 eitam.
1673 2859 1816 2895 SicVDu-
