1956 3250
568 163 1024 216 PRAEFATIO.
1397 178 1537 213 xxxv

62 302 264 353 fallendi
283 303 521 367 spe‚'eum
545 301 783 359 audisset,
802 298 1039 347 Tacitum
1057 296 1333 364 pleniorem
1357 297 1536 346 Romae

63 381 164 439 edi,
196 395 287 445 per
325 379 512 427 amicos
561 378 819 427 Romanos
867 384 1169 425 consecutus
1210 382 1304 433 est,
1340 383 1397 423 ut
1443 375 1534 423 sibi

59 471 234 507 omnes
269 455 487 520 exempli
530 455 749 504 Romani
789 453 1023 519 plagulae,
1054 452 1219 501 adhuc
1254 468 1400 517 paene
1435 467 1538 499 ma-

59 534 237 584 dentes
271 550 301 582 a
333 533 507 599 praelo,
531 533 885 591 mitterentur3
925 547 1047 595 quas
1082 529 1164 578 ille
1200 529 1366 578 statim
1395 546 1537 578 recu-

58 611 229 671 debat,
253 627 475 676 sperans,
505 611 577 659 ita
609 626 712 659 suae
747 609 982 659 editionis
1018 606 1250 673 exempla
1283 622 1383 656 una
1396 623 1534 655 *cum

62 688 304 738 Romanis
332 688 605 753 proditura.
677 687 777 735 Sed
805 703 865 735 ea
897 702 1008 751 spes
1036 685 1174 733 irrita
1201 685 1312 734 fuit.
1383 685 1535 743 Nam,

58 783 112 816 re
137 765 358 832 cognita,
382 765 491 814 Leo
524 764 780 813 hominem
818 764 1034 812 Romam
1067 772 1264 823 evocat,
1288 764 1533 813 rationem

61 845 371 894 redditurum
417 843 606 908 incepti
659 850 810 906 atque
856 841 1008 890 etiam
1063 858 1238 906 poenas
1283 843 1532 889 daturum.

61 921 159 970 Sed
173 921 559 986 deprecantibus
582 921 705 968 iram
731 918 918 968 Leonis
942 935 1000 967 ac
1024 934 1224 984 poenam
1245 919 1314 968 ab
1338 935 1400 967 eo
1419 919 1536 966 viris

57 997 306 1063 gratiosis,
353 1015 468 1047 cum
515 997 725 1063 epistola
765 996 962 1045 veniam
1021 995 1239 1061 peccati,
1286 997 1423 1060 quod
1473 996 1534 1043 ab

59 1075 341 1141 ignorantia
371 1076 545 1135 edicti,
569 1084 621 1124 et
658 1074 934 1140 cupiditate
958 1073 1214 1139 discipulis
1239 1073 1351 1122 'suis
1384 1089 1537 1139 expo-

60 1154 215 1204 nendi
249 1153 505 1202 historiam
530 1152 835 1218 Augustam,
860 1160 1034 1200 natum
1069 1159 1218 1211 esset,
1243 1151 1536 1217 suppliciter

59 1239 302 1296 rogasset,
347 1230 544 1279 obtinet
587 1247 631 1278 a.
680 1234 821 1278 1516.
870 1244 985 1278 cum
1026 1227 1191 1288 venia,
1230 1230 1533 1296 potestatem

57 1309 348 1360 absolvendi
383 1309 566 1374 operiS,
597 1308 690 1356 hac
725 1306 858 1373 lege,
892 1315 951 1356 ut
986 1324 1100 1356 cum
1138 1307 1387 1357 Beroaldo
1418 1316 1538 1357 ante

59 1387 335 1437 decideret.
405 1385 662 1452 Epistolae,
690 1384 963 1434 Minutiani
991 1387 1054 1434 ad
1080 1381 1306 1435 Leonem
1332 1395 1384 1434 et
1408 1368 1537 1435 Reo-

60 1463 137 1514 nis
175 1465 239 1513 ad
285 1462 647 1522 Minutianum‚
682 1461 921 1528 subjectae
961 1472 1079 1512 sunt
1124 1463 1264 1512 istius
1299 1463 1536 1512 editionis

57 1540 315 1608 exemplis.
387 1540 450 1589 V.
491 1541 665 1589 Saxius
712 1541 761 1588 in
801 1541 1077 1604 Prolegom.
1122 1543 1257 1589 Hist.
1301 1542 1539 1590 literario-

59 1626 250 1684 (ypogr.
278 1619 547 1667 Alediolan.
572 1635 621 1683 p.
655 1625 761 1666 109.
811 1617 977 1676 Quem
1002 1619 1162 1667 virum
1188 1619 1535 1669 doctissimum

60 1697 212 1747 miror
255 1698 471 1755 tradere,
519 1695 821 1745 Beroaldum
878 1687 1069 1761 priores
1115 1697 1337 1762 quinque
1382 1697 1537 1747 libros
1620 1763 1623 1765 -

59 1782 254 1825 tantum
278 1773 513 1834 edidisse,
538 1772 880 1823 Minutianum
918 1783 1085 1824 autem
1111 1775 1261 1823 etiam
1286 1775 1534 1842 reliquum

61 1868 261 1919 corpm,
296 1868 339 1901 aa
366 1851 645 1901 Puteolano
681 1860 798 1901 ante
837 1849 1117 1902 Mediolani
1153 1853 1365 1913 editum,
1397 1854 1542 1903 addi-

59 1930 208 1990 disse,
231 1945 346 1979 cum
381 1930 519 1979 aliud
553 1946 631 1978 res
661 1929 769 1996 ipsa
796 1932 994 1980 doceat.
1065 1931 1265 1997 Nempe
1289 1932 1537 1999 deceptus

60 2015 138 2059 est
158 2007 235 2057 vir
255 2008 436 2057 doctus
459 2006 692 2073 exemplo
718 2008 1038 2068 Beroaldino,
1063 2008 1115 2056 in
1140 2025 1241 2074 quo
1266 2009 1355 2057 soli
1386 2010 1535 2075 primi

60 2085 173 2134 libri
218 2092 402 2144 essent,
447 2086 512 2135 de
557 2101 659 2151 quo
703 2101 890 2151 genere
936 2094 1053 2135 ante
1106 2088 1295 2135 monui.
1370 2087 1539 2153 Hujus

60 2162 296 2214 editionis
331 2162 617 2228 exemplum
653 2163 746 2213 etsi
780 2163 1050 2229 diligenter
1091 2165 1376 2230 quaesitum,
1400 2167 1538 2215 inve-

61 2241 169 2290 nire
193 2239 316 2288 mihi
338 2241 566 2290 nondum
587 2240 761 2290 licuit:
799 2257 895 2290 nec
919 2242 1237 2307 profuturum
1263 2244 1535 2309 quicquam

63 2325 187 2377 erat,
210 2318 414 2383 quando
436 2325 544 2367 tota
566 2317 724 2368 editio
747 2335 775 2368 e
800 2318 1100 2369 Beroaldina
1122 2320 1281 2370 fluxit.

127 2393 342 2444 Duobus
386 2394 528 2444 annis
571 2403 704 2462 post,
749 2395 848 2445 hoc
884 2405 960 2446 est
1001 2404 1140 2446 1519.
1179 2398 1346 2449 Taciti
1382 2415 1536 2466 opera

59 2471 220 2525 edidit
254 2472 463 2522 Basileoe
493 2473 546 2524 J.
572 2473 856 2535 Frobenius,
876 2474 946 2524 ita
969 2474 1245 2541 eleganter,
1268 2485 1325 2525 ut
1349 2478 1536 2543 superi-

59 2566 171 2603 ores
205 2565 308 2600 non
343 2551 497 2600 modo
519 2559 760 2615 aequaret,
784 2553 872 2601 sed
896 2551 1046 2602 etiam
1079 2564 1548 2620 prope‘superaret.‚

61 2626 161 2680 Sed
201 2627 327 2677 nihil
367 2627 503 2677 aliud
536 2627 620 2678 hic
654 2637 823 2678 actum
862 2638 956 2689 est,
992 2631 1086 2678 nisi
1133 2640 1187 2679 ut
1236 2631 1548 2682 Beroaldina.

59 2713 390 2771 tepeteretur‚
414 2705 556 2771 cujus
579 2707 730 2756 etiam
758 2706 985 2773 praefatio
1009 2708 1297 2774 notulaeque
1322 2710 1534 2775 adjectae

62 2790 191 2836 sunt.
239 2780 313 2835 Ut
333 2791 503 2833 tamen
522 2783 709 2849 aliquid
731 2785 971 2851 praecipui
997 2786 1205 2836 haberet
1229 2787 1337 2836 haec
1357 2788 1534 2847 editio,

64 2857 370 2914 additusest
407 2859 604 2913 libellus
639 2862 1045 2913 observationum
1090 2864 1140 2912 in
1179 2864 1432 2925 Tacitum,
1470 2866 1532 2915 ab

760 2955 786 2989 C
814 2948 843 2988 2
