1956 3250
454 136 610 186 xxxiv
968 135 1423 188 PRAEFATIO.

453 278 551 319 etc.
622 268 788 319 Etiam
808 277 1034 335 peccata
1066 269 1430 336 typographica
1459 268 1646 323 Veneti
1679 267 1793 319 libri
1827 278 1925 321 ser.-

451 355 566 395 vata
600 364 707 397 esse
741 347 795 395 in
831 347 1131 397 Beroaldina
1164 356 1305 412 patet
1327 365 1376 396 v.
1399 364 1444 396 c.
1493 347 1558 395 A.
1584 345 1745 406 XIII,
1766 352 1846 394 49.
1872 345 1927 404 in

451 425 606 474 verbo
641 425 898 484 insedebat,
932 442 1026 490 pro
1059 426 1315 473 incedebat.
1387 424 1507 484 XV,
1532 433 1611 473 58.
1643 425 1698 474 in
1732 424 1926 477 latatmn

449 519 543 568 pro
573 504 791 551 loetatum.
863 502 1132 551 Dissensus
1167 519 1196 550 a
1231 501 1509 552 Puteolano
1544 500 1776 567 exempla
1808 507 1926 553 sunt

452 580 603 639 XIV,
628 587 675 628 9.
707 581 759 628 in
787 581 1081 643 produntur.
1119 597 1163 628 c.
1196 586 1269 628 16.
1297 580 1501 628 extr..in
1535 580 1839 628 eruebantur.
1877 594 1922 628 c.

458 665 532 710 17.
570 659 622 706 in
656 658 966 707 contentione.
1002 656 1122 716 XV,
1148 665 1226 705 30.
1263 657 1317 704 in
1354 664 1551 720 postero
1587 663 1687 716 etc.
1757 653 1926 721 Hujus

450 736 565 785 libri
589 735 876 800 exemplum
908 735 1080 793 habui,
1103 735 1317 799 primum
1345 735 1569 783 editurus
1604 733 1696 783 hos
1717 732 1870 783 libros
1893 749 1923 783 e

450 813 758 863 bibliotheca
793 812 977 862 Ducali
1001 812 1305 871 Vinariensi,
1329 812 1382 860 in
1417 828 1565 876 quam
1596 828 1624 860 e
1659 809 1736 859 M.
1763 809 1923 860 Gudii

449 890 758 940 bibliotheca
789 906 880 956 per
915 889 1407 939 Schurtzfleischium
1441 889 1634 938 illatum
1670 897 1778 949 est3
1815 905 1919 939 non

451 968 611 1017 multo
634 975 748 1032 post
772 967 871 1016 emi
894 966 1018 1015 mihi
1040 965 1395 1031 pulcerrimum
1421 983 1448 1016 e
1474 966 1747 1015 Britannia.

500 1088 727 1131 Memor-atu
745 1089 911 1142 dignum
936 1095 1007 1135 est,
1030 1091 1134 1142 quod
1162 1091 1204 1128 in
1234 1091 1338 1128 calce
1357 1090 1484 1141 operis
1502 1085 1703 1142 gentilitio
1721 1085 1923 1130 Pontifieis

446 1160 558 1194 scuto
585 1154 807 1204 subjectum
834 1155 1004 1206 legitur:
1037 1155 1196 1192 Nomine
1225 1154 1359 1192 Leonis
1388 1147 1439 1192 X.
1469 1156 1581 1192 Pont.
1602 1154 1708 1194 Max.
1725 1156 1921 1205 proposita

446 1226 535 1258 sunt
550 1221 695 1269 premia
710 1232 785 1257 non
804 1221 1007 1256 mediocria
1027 1219 1097 1263 his,
1115 1221 1183 1268 qui
1203 1219 1252 1256 ad
1272 1231 1352 1256 eum
1373 1219 1486 1256 libros
1503 1224 1642 1256 veteres
1658 1231 1774 1269 neque
1791 1219 1918 1257 hacte-

444 1298 516 1322 uus
534 1287 652 1322 editos
671 1285 883 1322 attulerint.
937 1283 987 1320 In
1005 1283 1237 1334 quibusdam
1256 1283 1440 1320 editionis
1468 1281 1588 1331 hujus
1604 1283 1793 1334 exemplis
1809 1283 1921 1330 deest

446 1352 527 1386 vita
554 1349 751 1397 Agricola».
807 1348 974 1385 Consuli
1000 1348 1048 1385 de
1076 1359 1195 1397 opere
1226 1348 1301 1384 hoc
1334 1352 1539 1386 merentur
1568 1347 1730 1386 Debui-e
1755 1347 1853 1389 dans
1876 1358 1921 1398 za

445 1414 615 1462 bibliogr.
636 1415 742 1450 instr.
762 1424 801 1449 n.
821 1414 937 1450 4905.
952 1410 1217 1460 ›Deltophilus
1236 1424 1274 1460 p.
1298 1414 1384 1448 103.
1405 1416 1446 1448 et
1462 1411 1500 1448 le
1522 1411 1728 1461 Catalogue
1741 1403 1920 1459 Ανιὶὶεοηνιέ

448 1478 492 1514 de
513 1478 548 1514 la
569 1477 768 1515 collection
788 1477 832 1513 de
852 1475 961 1514 liores
981 1475 1025 1512 ‹Ie
1044 1474 1099 1513 M.
1120 1475 1166 1512 P.
1186 1476 1277 1512 Ant.
1300 1475 1489 1513 Crevemza
1507 1480 1536 1514 t.
1555 1474 1604 1514 V.
1622 1487 1660 1526 p.
1689 1478 1791 1516 15⁸.
1908 1486 1912 1489 ’

512 1575 795 1624 Proximam
828 1573 946 1623 huic
971 1573 1181 1623 editioni
1215 1573 1337 1632 facit
1373 1572 1657 1635 Maittarius
1681 1573 1743 1622 T.
1769 1573 1836 1623 V.
1861 1573 1919 1623 P·

445 1654 516 1702 ΙΙ.
544 1671 594 1720 p.
622 1661 734 1706 273.
772 1654 1038 1709 Romanam
1072 1668 1118 1699 a.
1151 1659 1290 1703 1517.
1315 1651 1622 1716 publicatam
1644 1668 1707 1701 ea*
1729 1652 1918 1716 officim

442 1732 748 1789 minutiam,
771 1730 823 1778 in
853 1729 995 1794 cujus
1030 1728 1322 1794 praefatione
1346 1737 1523 1793 agatur
1545 1729 1610 1780 de
1632 1729 1797 1795 prima
1815 1730 1918 1797 edi·

441 1810 581 1858 tione
611 1825 659 1857 a.
692 1815 831 1856 1515.
904 1807 1002 1855 Sed
1033 1807 1125 1869 iste
1153 1822 1288 1855 error
1322 1806 1391 1855 ita
1425 1806 1719 1872 perspicuus
1742 1815 1836 1868 est,
1859 1816 1918 1860 ut

440 1888 618 1935 vitium
665 1901 926 1950 operarum
974 1900 1079 1941 esse
1125 1881 1368 1932 videatur.
1439 1884 1571 1932 Nam
1630 1883 1918 1947 Minutiana

441 1964 639 2012 officina
662 1979 765 2011 non
791 1963 988 2022 Romae,
1014 1963 1101 2010 sed
1138 1961 1417 2010 Mediolani
1450 1961 1580 2022 fuit3
1617 1978 1713 2012 nec
1737 1962 1793 2014 id
1814 1961 1917 2012 ullo

436 2041 593 2094 modo
633 2041 863 2104 ignorare
903 2040 1069 2104 potuit
1117 2029 1414 2092 Maittarius.
1488 2040 1700 2089 Rectius
1742 2028 1915 2106 itaque

438 2118 569 2172 hanc
606 2118 878 2167 editionem
923 2117 1333 2166 Mediolanensem
1370 2125 1520 2166 vocat
1565 2103 1824 2185 Fabricius
1861 2119 1916 2185 in
1944 2151 1946 2153 ·

442 2196 736 2244 Bibliotheca
760 2195 958 2243 Latina.
1006 2193 1195 2242 Mirum
1221 2202 1388 2244 autem
1411 2195 1572 2244 videri
1594 2195 1770 2261 possit,
1793 2197 1915 2246 duo-

437 2275 530 2322 bus
555 2273 696 2321 annis
720 2280 834 2337 post
869 2271 1102 2321 Beroaldi
1127 2272 1400 2322 editionem
1438 2273 1740 2333 Romanam,
1767 2273 1915 2336 aliam

437 2352 716 2400 institutam
755 2365 880 2409 esse,
918 2365 1030 2414 quae
1067 2349 1200 2397 illam
1238 2358 1505 2415 repeteret,
1532 2355 1654 2418 'cum
1688 2350 1913 2417 edictum

436 2428 623 2478 Leonis
648 2436 863 2486 extaret,
888 2426 1180 2491 adjunctum
1210 2427 1420 2476 editioni
1456 2427 1788 2494 Beroaldinae‚
1810 2445 1915 2495 quo

439 2508 772 2555 ducentorum
809 2520 1072 2553 aureorum
1108 2520 1263 2572 ¹poena
1301 2514 1668 2570 proponeretur
1709 2506 1789 2567 iis,
1824 2495 1911 2572 qui

438 2585 536 2646 hoc
554 2584 677 2633 citra
695 2583 997 2632 decennium
1019 2582 1123 2630 ausi
1144 2591 1309 2631 essent
1327 2583 1541 2648 subjecti
1557 2581 1911 2651 ecclesiasticae

434 2661 787 2719 iurisdictioni,
822 2661 1020 2717 ceteris,
1055 2659 1241 2723 ubique
1286 2661 1536 2725 gentium,
1565 2662 1910 2711 excommuni-

438 2739 572 2802 catio
616 2737 729 2786 latae
776 2737 1055 2794 senteutiae,
1092 2752 1240 2800 quam
1277 2745 1426 2786 vocat
1462 2738 1614 2786 Curia
1658 2737 1906 2788 Romana.

437 2817 537 2867 Sed
579 2815 910 2874 Miniitia11u8‚
947 2815 1048 2864 sive
1094 2814 1376 2878 ignorantia
1418 2816 1560 2866 istius
1595 2815 1767 2876 edicti,
1802 2816 1907 2869 sive
