1956 3250
631 128 1090 179 PRAEFATIO.
1501 127 1626 178 xlvii

138 265 191 314 J.
206 262 324 313 Nic.
345 261 658 311 Allemmmus
680 262 1018 327 (Lallemand)
1038 261 1102 311 V.
1126 261 1184 310 C.
1203 260 1288 326 qui
1314 277 1356 308 a.
1383 267 1522 312 1760.
1549 270 1623 308 12.

142 338 308 389 Taciti
345 336 499 406 opera
539 340 718 399 edidit,
742 356 860 389 usus
899 339 1028 388 libro
1065 355 1168 387 uno
1210 337 1398 402 scripto
1438 337 1624 402 Regio,

141 419 282 484 cujus
305 418 568 479 lectioneS,
591 418 644 466 in
667 419 839 484 primis
859 435 975 467 cum
996 418 1219 467 editione
1236 414 1480 481 Spirensis
1505 432 1626 464 con*-

139 496 432 555 sentientes,
471 495 769 561 plerumque
809 484 862 543 in
901 503 1100 544 textum
1131 511 1160 544 e
1190 501 1362 542 nostra
1401 501 1624 542 sumtum

137 573 345 639 recepit.
418 572 603 638 Majori
644 580 831 622 conatu
855 580 907 622 et
929 572 1154 638 pluribus
1194 570 1439 636 praesidiis
1475 570 1626 619 libro-

138 667 249 700 rum
289 650 563 699 instructus
602 665 783 698 novam
827 649 1103 698 editionem
1135 647 1338 696 molitus
1365 655 1442 696 est
1466 648 1621 696 Gabr.

139 727 415 786 Broterius‚
447 742 596 792 quam
628 743 671 774 a.
711 732 852 778 1761.
887 726 1265 791 Programmate
1305 725 1620 790 promiserat.

139 803 215 854 Ea
236 820 370 854 anno
400 810 539 856 1771.
565 781 795 853 absol'uta
829 812 905 853 est
946 803 1162 862 Parisiis,
1187 811 1403 867 quatuor
1427 802 1624 868 magnis

136 882 310 932 formae
351 881 532 932 mediae
567 881 921 932 voluminibus.
995 881 1145 930 Basin
1169 880 1292 930 fecit
1314 889 1512 929 textum
1548 898 1624 930 re-

137 957 387 1008 censionis
419 967 622 1018 nostrae,
646 967 704 1008 ut
726 959 778 1008 in
802 966 1174 1025 programmate
1210 958 1461 1024 professus
1498 967 1621 1008 erat.

138 1035 271 1086 Usus
309 1046 477 1087 autem
519 1045 595 1087 est
633 1036 772 1086 libris
812 1037 1028 1103 seriptis,
1066 1037 1152 1101 qui
1190 1036 1393 1101 quidem
1427 1037 1492 1086 ab
1515 1035 1623 1085 aliis

136 1123 253 1164 ante
291 1132 342 1164 se
372 1114 452 1164 vel
490 1114 697 1164 omnino
733 1131 836 1164 non
869 1114 1081 1164 adhibiti
1121 1114 1351 1173 fuissent,
1392 1114 1474 1163 vel
1515 1130 1621 1164 non

136 1193 253 1242 satis
293 1191 582 1258 diligenter,
630 1192 815 1259 Regio,
841 1195 983 1258 (nam
1018 1191 1349 1241 Allemannus
1375 1191 1624 1241 lectiones

135 1269 261 1334 ejus,
284 1270 336 1318 in
360 1269 609 1337 prioribus
631 1269 770 1319 libris
792 1259 922 1330 raro,
946 1279 998 1319 et
1023 1271 1203 1335 quibus
1233 1269 1358 1319 locis
1388 1269 1496 1334 jam
1534 1287 1621 1319 no-

135 1356 265 1397 tarat
303 1347 548 1414 Ryckius,
581 1357 961 1407 commemorat,
985 1364 1044 1397 ac
1068 1348 1248 1413 saepius
1274 1348 1332 1395 L.
1361 1346 1508 1396 XIV.
1535 1348 1623 1397 ubi

137 1434 273 1476 tacet
306 1425 552 1492 Ryckius,
589 1434 641 1475 et
679 1426 934 1476 interdum
972 1425 1181 1485 utiliter,
1205 1434 1312 1474 tum
1357 1425 1416 1473 L.
1444 1425 1620 1488 XVI.)

133 1502 411 1563 VaticaniS‚
451 1502 528 1552 his
568 1503 933 1553 recentioribus
976 1504 1209 1553 omnibus
1251 1520 1278 1552 e
1318 1512 1499 1570 quarto
1533 1513 1620 1553 aut

136 1580 516 1647 quintodecimo
558 1581 763 1640 saecu10,
799 1590 852 1631 et
887 1581 1155 1647 Excerptis
1192 1582 1372 1632 incerti
1412 1581 1544 1641 libri,
1569 1582 1621 1631 in

137 1659 363 1725 margine
403 1658 727 1719 Beroaldino,
763 1659 991 1725 scriptis:
1031 1676 1243 1724 quorum
1285 1659 1532 1709 lectiones
1568 1660 1620 1709 in

137 1734 268 1787 notis
309 1736 495 1787 criticis
536 1737 762 1797 exhibet,
803 1738 987 1787 additis
1011 1737 1331 1802 vconjecturis
1362 1738 1618 1789 interdum

135 1815 236 1888 suis
254 1823 306 1866 et
317 1815 526 1881 judiciis
549 1831 698 1881 super
721 1815 931 1865 aliorum
956 1815 1201 1865 lectiones
1218 1824 1270 1864 et
1285 1810 1621 1880 conjecturas,

135 1893 256 1943 item
297 1893 507 1943 aliorum
543 1894 764 1957 virorum
802 1895 1071 1943 doctorum
1111 1893 1530 1953 corr·eetionibuS‚
1567 1894 1618 1944 in

135 1971 443 2037 marginibus
475 1971 820 2038 exemplorum
863 1971 1030 2021 Taciti
1068 1972 1298 2036 repertis,
1331 1972 1512 2037 quibus
1549 1971 1618 2022 illi

135 2049 212 2098 usi
235 2057 391 2099 erant.
453 2048 620 2115 Hujus
660 2050 755 2099 viri
791 2050 1068 2099 doctissimi
1092 2050 1233 2101 labor
1257 2050 1379 2115 quid
1403 2050 1521 2106 huic
1546 2067 1619 2102 se-

138 2128 319 2178 cundae
356 2136 542 2177 nostrae
580 2128 791 2178 editioni
831 2128 884 2176 in
915 2144 1105 2193 genere
1141 2122 1326 2178 critico
1353 2122 1619 2194 profuerit,

136 2213 272 2256 notae
294 2213 478 2256 nostrae
501 2205 815 2256 indicabunt.

188 2316 343 2358 Recudi
358 2319 509 2358 curavit
527 2319 725 2359 Bromius
740 2319 924 2359 Tacitum
940 2331 1057 2359 sumn
1085 2322 1238 2360 octonis
1265 2321 1422 2360 Parisiis
1444 2333 1479 2360 a.
1502 2325 1618 2364 1776.

134 2383 209 2421 vol.
227 2387 266 2427 ¹7.
293 2394 384 2422 cum
401 2385 686 2435 supplementis
697 2390 739 2423 et
749 2386 853 2424 notis
870 2385 1039 2431 selectis,
1060 2386 1200 2437 quibus
1218 2397 1413 2424 accessere
1432 2386 1616 2430 Peliaca,

134 2458 193 2484 res
216 2447 386 2495 Trajani‚
406 2449 700 2499 supplementum
719 2450 864 2499 dialogi
881 2450 926 2488 de
946 2450 1167 2488 Oratoribus
1187 2455 1224 2488 et
1231 2450 1500 2502 fragmentum
1530 2450 1619 2487 libri

134 2508 244 2552 XCI.
270 2511 350 2549 Titi
369 2510 486 2557 Livii,
506 2513 760 2563 supplemento
774 2518 810 2550 et
828 2516 926 2552 notis
944 2515 1189 2553 illustratum.
1251 2514 1438 2565 Repetita
1456 2519 1514 2551 est
1534 2515 1617 2552 haec

133 2574 270 2622 editio,
283 2576 450 2622 omissis,
463 2589 549 2630 quae
567 2577 616 2616 ad
632 2576 816 2615 Tacitum
835 2589 917 2616 non
937 2577 1202 2628 pertinebant,
1222 2577 1446 2617 Manhemii
1464 2579 1617 2616 octonis

134 2651 169 2677 a.
192 2642 306 2684 1780.
324 2641 399 2680 vol.
418 2644 456 2679 5.
480 2655 482 2657 ·

186 2707 341 2749 Abhinc
368 2711 529 2762 egregie
554 2710 604 2749 de
629 2709 770 2749 Tacito
799 2712 1004 2763 promeriti
1032 2716 1126 2750 sunt
1144 2711 1388 2750 Professores
1409 2712 1618 2762 Bipontini

134 2772 391 2821 celeberrimi,
411 2774 551 2828 quibus
568 2777 711 2815 seriem
738 2776 988 2815 classicorum
1015 2781 1224 2816 auctorum
1253 2778 1482 2816 Graecomm
1505 2776 1616 2815 Lati·

137 2846 356 2892 not-umque
384 2839 506 2891 probe
535 2846 713 2880 curatam
748 2840 950 2886 debemus,
990 2841 1034 2878 G.
1068 2842 1153 2882 Chr.
1190 2842 1369 2887 Cronius,
1393 2842 1496 2880 Frid.
1527 2841 1611 2880 Chr.
