1956 3250
656 130 1118 185 PRAEFATIO.
1544 128 1634 179 xlv

155 279 307 325 vocat
333 269 667 336 sospitatorem
700 267 877 327 Taciti,
900 272 1018 331 post
1048 262 1292 328 Lipsium,
1316 262 1454 311 unico
1482 262 1640 327 magis

156 351 360 401 unm.
430 347 738 398 Florentinae
773 344 1012 396 editionis
1047 340 1339 407 exemplum
1374 356 1480 390 non
1514 341 1639 399 vidi,

157 444 255 479 nec
279 427 503 487 Batavae,
525 440 677 491 quam
710 439 887 490 parum
921 427 1159 471 accurate
1187 419 1376 468 factam
1400 434 1509 467 esse
1532 434 1638 467 mo·

159 514 251 557 net
280 504 465 555 alicubi
502 503 550 555 J.
584 502 891 552 Gronovius.
962 496 1098 548 Usus
1130 513 1241 547 sum
1274 495 1512 561 exemplo
1535 497 1640 545 edi·

163 583 317 633 tionis
339 581 574 631 Francos.
602 586 742 632 1607.
761 576 1018 644 quaternis
1043 583 1251 634 curatae,
1266 590 1419 639 quam
1443 573 1644 623 Grono-

160 661 272 714 vius
296 660 500 709 Batavae
521 657 675 722 longe
697 656 916 722 praefert.

372 750 554 788 Pichenae
571 752 678 786 notae
695 746 858 784 seorsim
876 743 1057 796 prodiere
1074 746 1112 782 8.
1133 741 1289 782 Hanov.
1311 746 1428 781 1608.

230 825 416 877 Secuta
449 832 526 875 est
559 841 604 873 a.
644 829 792 871 1638.
820 819 1212 870 Bernecceriana
1244 819 1479 878 recensio,
1502 818 1643 868 edita

165 902 495 970 Argentorati
525 901 698 966 ibique
728 915 907 949 recusa
936 915 980 948 a.
1013 903 1154 946 1664.
1180 898 1400 957 octonis,
1423 913 1538 962 quae
1563 895 1641 944 Pi-

163 982 342 1032 chenae
370 987 569 1030 textum
598 994 756 1045 prope
787 985 952 1026 totum
989 967 1222 1034 servavit,
1245 991 1409 1040 pauca
1432 975 1498 1024 de
1521 990 1642 1023 con-

157 1059 359 1127 jectura
381 1059 651 1108 doctorum
668 1056 910 1114 virorum,
929 1054 1082 1104 etiam
1105 1052 1458 1112 Freinshemii,
1483 1060 1642 1101 muta-

164 1138 257 1198 vit,
302 1153 415 1203 quae
461 1135 561 1185 suis
606 1134 731 1184 locis
777 1132 1078 1183 notavimus.
1160 1130 1443 1180 Accessere
1489 1130 1643 1180 etiam

166 1223 304 1266 notae
338 1212 687 1272 Freinshemii‚
711 1211 764 1259 in
794 1210 910 1259 loca
943 1210 1136 1258 intacta
1167 1208 1531 1274 interpretibus
1566 1224 1644 1257 su-

166 1291 468 1359 perioribuS,
492 1298 580 1340 aut
602 1305 747 1339 secus
771 1295 1001 1354 accepta,
1024 1286 1194 1353 dignae
1226 1285 1456 1336 claritate
1484 1285 1645 1336 nomi-

170 1371 248 1420 nis
271 1369 314 1420 F
313 1368 684 1420 reinshemiani.

239 1447 406 1513 Hujus
435 1445 671 1496 editionis
702 1451 892 1503 textus,
917 1444 1006 1493 sed
1043 1458 1147 1491 non
1178 1442 1354 1508 paucis
1378 1459 1645 1509 operarum

168 1525 303 1577 vitiis
334 1523 581 1582 admissiS,
610 1521 855 1588 repetitus
889 1528 967 1570 est
1002 1520 1056 1568 in
1088 1519 1333 1580 editione,
1365 1535 1480 1586 quae
1511 1520 1648 1586 Lug-

170 1602 293 1654 duni
325 1601 436 1651 Bat.
463 1617 506 1649 a.
539 1605 680 1653 1675.
706 1598 905 1659 octonis
929 1597 1082 1658 facta,
1106 1606 1158 1646 et
1181 1613 1225 1646 a.
1258 1603 1400 1646 1685.
1427 1598 1643 1664 repetita

173 1689 269 1740 est,
292 1680 384 1729 sub
407 1678 613 1727 nomine
636 1679 689 1728 J.
716 1678 804 1726 Fr.
831 1676 1087 1735 Gronovii,
1111 1675 1204 1724 viri
1233 1675 1446 1724 summi:
1485 1693 1515 1725 a
1545 1691 1652 1742 quo

173 1775 232 1808 ea
266 1756 423 1807 editio
459 1754 707 1814 instituta,
731 1755 821 1803 sed
858 1770 962 1802 non
1002 1751 1232 1803 absoluta
1274 1752 1456 1803 fuerat.
1528 1753 1648 1803 Non

172 1852 291 1885 usus
328 1842 404 1884 est
439 1832 731 1883 Gronovius
774 1830 913 1882 libris
955 1831 1172 1897 scriptiS,
1209 1847 1306 1881 nec
1341 1822 1655 1887 editionibus

174 1912 555 1979 antiquioribus.
597 1910 761 1976 Igitur
785 1910 1000 1960 subinde
1025 1926 1118 1975 pro
1143 1909 1440 1975 conjectura
1463 1910 1651 1974 posuit,

177 2006 290 2056 quoe
312 1991 366 2038 in
390 1988 613 2039 editione
637 1988 800 2054 prima
831 2004 963 2054 saepe
995 1995 1050 2037 et
1083 1986 1210 2047 aliis,
1234 1989 1574 2054 reperiuntur,
1598 1995 1655 2036 ut

179 2085 280 2118 non
305 2084 409 2117 uno
431 2067 547 2117 loco
571 2084 601 2115 a
623 2067 770 2116 nobis
793 2067 1093 2115 adnotatum
1112 2074 1203 2115 est.

244 2145 367 2195 Non
401 2145 472 2194 ita
506 2143 666 2194 multo
698 2152 813 2208 post
847 2145 1029 2193 Tlaeod.
1056 2145 1277 2207 Ryclcius
1312 2145 1377 2194 ad
1409 2161 1655 2211 recogno-

176 2225 420 2274 scendum
444 2221 682 2271 Tacitum
707 2224 939 2281 accessit,
963 2221 1164 2287 adjutus
1190 2223 1370 2271 codice
1397 2223 1658 2288 Agricolae

179 2301 416 2361 maxime,
441 2300 696 2364 excerptis
720 2298 832 2348 MS.
861 2299 1013 2365 Regii
1038 2299 1448 2366 editionibusque
1474 2301 1656 2351 Puteo-

177 2379 300 2440 lani,
330 2377 586 2437 Beroaldi,
624 2376 796 2438 Rivii;
835 2377 1096 2443 ediditque
1135 2377 1304 2427 Taciti
1343 2378 1498 2428 libros
1541 2396 1657 2429 cum

179 2457 316 2507 notis
349 2456 451 2506 suis
483 2455 651 2525 Lugd.
690 2456 802 2505 Bat.
839 2474 883 2505 a.
928 2463 1072 2509 1687.
1116 2465 1191 2505 12.
1258 2455 1487 2520 Exprimi
1510 2457 1663 2524 jussit

179 2543 378 2586 textum
410 2534 752 2585 Gronovianae
783 2534 1039 2595 editionis,
1062 2534 1161 2584 hoc
1196 2543 1273 2585 est
1305 2533 1660 2587 Bernecceria-

182 2611 436 2674 num,nisi
454 2613 591 2680 quod
615 2612 859 2665 nonnulla
884 2629 911 2663 e
937 2614 1051 2662 cod.
1076 2612 1204 2680 Agr.
1225 2611 1338 2664 MS.
1364 2612 1496 2664 Flor.
1519 2614 1662 2680 cujus

186 2700 427 2759 excerpta
473 2708 502 2741 a
541 2689 590 2742 J.
628 2689 893 2741 Gronovio
934 2700 1222 2757 acceperat,
1261 2700 1314 2742 et
1348 2693 1428 2742 ed.
1463 2691 1659 2743 Puteol.

187 2769 427 2829 correxit,
473 2770 706 2834 quaedam
759 2768 933 2828 etiam,
986 2770 1075 2819 sed
1123 2770 1312 2836 oppido
1362 2785 1545 2836 pauca,
1598 2770 1662 2820 de

189 2846 495 2912 conjectura.
