1956 3250
404 121 543 171 xlviii
953 119 1410 172 PRAEFATIO.

399 256 562 293 Exterus
580 259 621 292 et
640 254 727 294 Joh.
760 254 843 293 Val.
863 253 1074 299 Embseruae.
1126 253 1183 293 Hi
1201 254 1242 293 id
1258 258 1442 305 egerunt,
1460 258 1509 294 ut
1525 253 1690 305 Biponti
1707 259 1732 293 4
1751 255 1828 294 vol.
1843 268 1884 294 a.

394 322 510 361 1779.
538 319 691 356 octonis
710 318 852 357 darent
869 319 1098 357 Cornelium
1115 317 1427 357 emendatiorem
1453 322 1497 356 et
1523 318 1660 359 critica
1685 331 1756 358 sua
1779 319 1876 358 alio-

389 394 555 433 rumque
575 394 695 433 opera
711 383 962 421 illustratum.
1015 381 1196 432 Repetiit
1221 395 1247 420 a
1275 387 1406 420 morte
1435 382 1678 434 collegarum
1705 383 1878 423 Extems

386 445 617 490 editionem,
638 451 680 483 et
699 447 885 484 notitiam
904 446 1139 483 litterariam
1168 446 1278 496 operi
1307 446 1550 496 praemissam
1567 447 1697 498 aptius
1715 451 1757 484 et
1774 447 1876 486 dilu-

389 509 512 547 cidius
533 510 761 560 dispositam
781 509 959 547 exhibuit
975 522 1010 547 a.
1034 512 1149 552 1792.

381 593 384 595 ’
462 584 753 649 Antequam
777 583 913 631 hunc
933 583 1102 632 locum
1122 585 1187 633 de
1204 583 1510 634 editionibus
1529 584 1878 652 relinquimus,

388 661 512 711 libet
551 678 757 711 monere
799 660 1068 720 studiosoS‚
1091 668 1149 710 ut
1190 661 1406 721 discant,
1431 678 1544 728 quae
1584 679 1665 712 res
1702 663 1767 712 sit
1797 680 1877 721 ea,

389 755 539 803 quam
567 740 809 803 vulgatam
839 739 938 787 sive
971 746 1208 803 receptam
1243 740 1484 788 lectionem
1506 740 1701 801 dicant,
1726 757 1875 807 quam

388 823 490 864 tam
531 832 664 883 saepe
694 817 746 865 in
780 832 866 865 ore
901 816 1119 865 habeant
1151 817 1370 882 imperiti
1393 818 1466 867 rei
1490 818 1702 878 criticae‚
1728 818 1873 886 cujus
1928 886 1932 891 ⁵

384 900 573 943 tantam
613 894 944 943 reverentiam
977 893 1203 959 plerique
1235 894 1306 943 ita
1339 894 1688 961 profiteantur,
1712 905 1771 947 ut
1793 912 1869 947 re-

382 971 656 1021 verentia-m
699 988 818 1036 erga
858 972 1075 1021 auctoris
1117 971 1360 1037 cujusque
1396 971 1550 1022 libros
1573 972 1711 1023 nulla
1734 973 1787 1023 in
1812 992 1868 1025 re

386 1048 544 1113 magis
580 1056 789 1113 ponant,
832 1065 979 1113 quam
1023 1048 1074 1096 in
1113 1049 1468 1098 conservandis
1509 1066 1684 1099 eorum
1733 1050 1869 1100 vitiis

383 1124 629 1174 omnibus.
669 1125 804 1174 Vere
828 1125 974 1184 dixit,
999 1125 1085 1190 qui
1104 1125 1338 1175 'homines
1356 1126 1653 1192 plerumque
1669 1128 1869 1178 nescire

382 1203 529 1263 dixit,
554 1204 675 1268 quid
700 1203 791 1252 sibi
815 1203 990 1261 velint,
1016 1219 1131 1251 cum
1156 1204 1220 1251 de
1256 1212 1462 1269 recepta
1494 1203 1717 1256 lectione
1758 1205 1866 1255 vul-

379 1289 601 1346 gatoque
642 1289 786 1329 textu
825 1279 1109 1345 loquantur.
1183 1276 1484 1347 Plerumque
1522 1281 1778 1349 vulgatam
1811 1292 1867 1334 et

382 1365 635 1423 receptam
676 1357 947 1406 lectionem
994 1357 1223 1407 homines
1270 1358 1579 1424 intelligunt,
1617 1376 1768 1425 quam
1807 1361 1862 1410 in

380 1451 470 1484 suo
483 1435 613 1484 libro
630 1434 836 1493 habent,
851 1435 949 1483 hoc
967 1442 1042 1483 est
1059 1450 1190 1500 saepe
1217 1434 1561 1500 conjecturam
1585 1438 1638 1486 in
1661 1446 1860 1488 textum

378 1511 585 1571 illatam,
627 1513 764 1576 quod
802 1511 1083 1561 sexcenties
1122 1513 1174 1560 in
1213 1511 1396 1561 Tacito
1435 1512 1645 1575 factum,
1682 1516 1860 1566 vitium

381 1606 665 1656 operarum,
690 1590 1055 1638 correctionem
1078 1606 1280 1655 pravam
1319 1591 1449 1640 male
1488 1593 1671 1642 curiosi
1695 1610 1862 1644 corre-

382 1669 533 1718 ctoris
566 1667 893 1733 speciminum
933 1668 1426 1732 typographicorum.
1499 1668 1699 1736 Itaque,
1723 1674 1861 1737 quod

381 1747 580 1804 mirere,
606 1745 727 1794 alius
763 1744 908 1794 aliam
941 1744 1194 1810 vulgatam
1232 1745 1503 1795 lectionem
1529 1755 1582 1796 et
1603 1757 1861 1816 receptam

380 1824 546 1872 habet.
619 1821 925 1886 Intelligitur
962 1838 1039 1870 res
1075 1821 1360 1887 planissime
1402 1822 1569 1872 Taciti
1608 1826 1859 1893 exemplo.

381 1901 660 1951 Rhenanus
699 1899 954 1964 vulgatam
991 1898 1283 1958 lectionem,
1324 1907 1382 1948 ut
1417 1900 1654 1963 vidimus,
1678 1903 1862 1954 intelli-

378 1980 552 2044 gebat,
597 1978 837 2043 quicquid
884 1985 1014 2026 esset
1051 1977 1102 2024 in
1141 1978 1364 2027 editione
1411 1977 1683 2029 Basileensi
1715 1987 1857 2031 1519.

379 2057 482 2106 sive
506 2064 662 2114 recte,
686 2056 789 2104 sive
812 2071 963 2120 prave
993 2070 1298 2120 expressum.
1373 2055 1492 2104 Post
1526 2072 1642 2106 eum
1679 2057 1860 2109 intelli-

378 2135 569 2199 gebant
597 2132 695 2182 hoc
725 2131 949 2190 nomine,
983 2132 1227 2196 quidquid
1252 2132 1304 2179 in
1330 2132 1554 2182 editione
1587 2133 1861 2186 Basileensi

381 2211 616 2261 Rhenani
658 2218 806 2268 esset,
846 2218 933 2258 aut
968 2209 1020 2257 in
1059 2210 1135 2267 iiS‚
1177 2225 1290 2274 quae
1333 2225 1397 2259 ex
1433 2210 1540 2259 hac.
1565 2211 1858 2264 fluxissent:

377 2289 579 2356 Lipsius
613 2288 884 2337 lectionem
922 2287 1232 2352 ignobilioris
1269 2296 1322 2337 et
1349 2288 1580 2338 obscurae
1602 2290 1859 2352 editionis,

379 2382 529 2433 quam
553 2365 717 2432 praelis
739 2363 1114 2432 typographicis
1138 2366 1573 2426 accommodabat,
1596 2367 1677 2417 vel
1699 2370 1858 2418 maxi-

377 2460 459 2494 me
490 2443 596 2509 ejus
619 2443 859 2492 mendas:
900 2441 1121 2499 Pichena
1157 2443 1452 2509 scripturam
1495 2460 1699 2496 omnem
1736 2462 1855 2512 qua-

375 2522 680 2587 lemcunque
704 2519 955 2587 Lipsianae
979 2520 1214 2571 editionis
1244 2529 1384 2571 1585.
1425 2521 1654 2588 Ryckius
1678 2523 1859 2575 editio-

376 2600 454 2650 nis
470 2599 829 2658 Gronovianae,
848 2599 951 2649 sive
971 2598 1400 2649 Berneccerianae.
1473 2600 1604 2659 Quae
1628 2618 1752 2668 ergo
1776 2611 1854 2654 est

372 2692 490 2728 vere
533 2675 738 2742 vulgata
782 2684 835 2726 et
877 2686 1082 2742 recepta
1126 2676 1295 2726 Taciti
1338 2674 1530 2728 lectio?
1613 2678 1854 2731 Profecto

376 2770 508 2822 saepe
526 2753 875 2813 animadverti,
892 2753 1110 2820 vulgatae
1127 2753 1360 2805 lectionis
1378 2771 1565 2806 nomen
1583 2756 1708 2806 nihil
1722 2772 1851 2819 esse,

373 2833 487 2892 nisi,
504 2833 643 2898 quod
660 2832 724 2882 de
743 2830 966 2881 Fortuna
988 2831 1118 2881 dixit
1139 2840 1283 2884 vetus
1301 2831 1497 2899 aliquiS‚
1512 2843 1665 2899 ἀγνοίας
1686 2842 1852 2895 εἴδωλον,
