1924 3236
926 153 1313 197 ANNALIUM

310 267 351 302 Α.
365 264 467 301 net
490 255 771 314 triumphalia
790 257 845 300 de
866 257 1069 309 Gaetulis,
1090 257 1242 314 gloriae
1265 255 1406 301 fuerat
1434 258 1546 302 bene
1567 259 1750 303 tolerata
1769 275 1903 319 pau-2,

322 314 397 347 7⁷8·
425 323 582 371 pertas,
614 315 713 357 dein
756 329 928 371 magnas
965 329 1070 371 opes
1102 316 1356 356 innocenter
1391 326 1570 372 paratae,
1602 327 1648 360 et
1678 319 1874 362 modeste
1909 327 1916 363 ζ

314 354 412 431 Αρξ·
425 373 604 415 habitae.
638 371 885 415 Domitium
904 371 1128 414 decoravit
1146 380 1282 429 pater,
1295 371 1412 414 civili
1432 373 1545 416 bello
1558 375 1686 418 maris
1704 384 1876 434 potens,

422 431 563 472 donec
587 430 784 472 ‘Antonii
827 429 1039 486 partibus,
1068 440 1174 471 mox
1207 427 1394 472 Caesaris
1425 430 1692 475 misceretur.
1750 434 1874 477 Avus
1920 439 1924 441 ’

422 487 675 531 Pharsalica
707 487 815 537 acie,
846 498 923 543 pro
954 487 1241 544 optimatibus
1272 487 1512 531 ceciderat:
1543 489 1638 546 ipse
1665 491 1874 546 delectus,

419 546 492 588 oui
512 546 653 597 minor
668 543 878 595 Antonia,
894 543 1082 587 Octavia
1100 543 1262 602 genita,
1277 544 1319 586 in
1340 545 1667 590 matrimonium
1683 548 1873 593 daretur.
1916 548 1924 550 ⁷

403 603 531 646 Post
552 603 747 644 exercitu
770 602 932 644 flumen
956 601 1105 644 Albim
1130 603 1434 655 transscendit,
1456 602 1528 646 lon
1567 604 1630 646 ius
1652 617 1877 662 penetrata

407 660 672 712 ·Germania,
692 674 820 715 quam
844 660 1072 718 quisquam
1103 661 1310 717 priorum.
1333 674 1492 716 easque
1509 677 1536 703 o
1585 676 1652 704 res
1684 662 1874 721 insignia

417 717 629 773 triumphi
651 717 833 774 adeptus
854 727 934 760 est.
996 717 1124 760 Obiit
1146 727 1190 759 et
1210 717 1260 759 L.
1283 718 1519 771 Antonius,
1539 719 1676 762 multa
1696 721 1874 765 claritu-

416 775 518 817 dine
545 775 731 831 generis,
754 775 827 817 sed
850 776 1117 832 inprospera.
1140 789 1239 817 nam
1269 785 1389 832 patre
1410 776 1520 833 ejuS‚
1544 776 1641 820 Iulo
1661 777 1875 833 Antonio,

418 833 477 874 ob
502 830 761 875 adulterium
783 832 914 876 Juliae
945 842 1086 875 morte
1116 833 1286 890 punit0‚
1306 833 1439 886 hunc,
1461 834 1695 877 admodum
1727 836 1873 879 adole·

416 889 677 943 soentulnm,
697 890 854 932 sororis
877 900 1097 948 nepotem,
1117 891 1310 948 seposuit
1330 891 1558 949 Augustus
1579 893 1624 935 in
1647 893 1872 938 civitatem

412 947 829 1000 Massiliensem‚ubi
860 949 1004 1004 specie
1027 948 1269 990 studiorum
1291 963 1450 990 nomen
1471 949 1614 992 exsilii
1636 959 1870 1009 tegeretur.

412 1005 590 1050 habitus
613 1014 757 1048 tamen
772 1007 983 1063 supremis
1004 1005 1145 1047 honor
1163 1022 1175 1058 3
1197 1019 1379 1061 ossaque
1401 1006 1568 1049 tumulo
1582 1007 1870 1061 Octaviorum

345 1065 401 1104 45
415 1063 550 1106 inlata
562 1078 638 1120 per
649 1063 869 1105 decretum
882 1063 1080 1106 Senatus.
1104 1062 1265 1105 Iisdem
1280 1062 1731 1116 Consulibus,facinus
1741 1076 1869 1111 atrox

412 1122 459 1165 in
470 1122 674 1163 citeriore
685 1121 903 1178 Hispania
915 1120 1149 1163 admissum
1159 1136 1183 1163 a
1195 1121 1384 1178 quodam
1399 1121 1558 1178 agresti
1567 1122 1757 1166 nationis
1764 1122 1869 1167 Ter-

411 1179 627 1222 mestinae.
650 1179 685 1220 is
709 1178 950 1221 Praetorem
974 1179 1228 1236 provinciae,
1253 1178 1302 1221 L.
1323 1177 1545 1235 Pisonem,
1558 1178 1868 1238 paceincurio-

413 1252 524 1289 sum,
537 1251 592 1279 ex
618 1236 855 1294 improviso
878 1237 922 1279 in
946 1237 1099 1284 itinere
1117 1237 1308 1289 adortus,
1327 1250 1415 1278 uno
1434 1236 1665 1281 vulnerein
1682 1246 1867 1283 mortem

412 1294 593 1337 adfecit:
609 1309 659 1337 ac
700 1294 926 1337 ernicitate
937 1294 1036 1352 equi
1050 1294 1275 1352 profugus,
1284 1303 1514 1352 postquam
1526 1295 1737 1339 saltuosos
1746 1296 1866 1340 locos

412 1352 644 1410 adtigerat,
689 1352 835 1394 imisso
848 1367 871 1393 e
906 1367 976 1404 uo,
991 1366 1066 1410 per
1083 1352 1267 1409 derupta
1277 1361 1321 1394 et
1333 1353 1433 1394 avia
1448 1353 1675 1410 sequentis¹
1687 1353 1868 1410 frustra-

412 1418 482 1452 tus
497 1418 577 1463 est,
588 1424 725 1467 neque
738 1410 812 1452 diu
831 1367 999 1452 sepeliit.
1022 1424 1136 1462 nam,
1150 1409 1363 1467 prehenso
1381 1409 1602 1468 ductoque
1621 1425 1698 1468 per
1715 1412 1865 1470 proxi-

409 1482 506 1510 mos
537 1483 674 1526 pagos
709 1482 837 1526 eque,
873 1467 999 1526 cujus
1035 1467 1149 1511 foret
1180 1467 1434 1526 cognitum:
1466 1477 1510 1511 et
1529 1477 1739 1527 repertuS,
1761 1483 1863 1514 cum

414 158 494 196 294

411 1593 550 1625 Consul.
588 1594 775 1626 Nominant
795 1594 897 1631 Fasti,
911 1594 979 1627 Dio
994 1597 1048 1632 59,
1062 1596 1115 1627 22.

410 1635 549 1668 Tacitus
574 1638 642 1678 ipse
664 1638 717 1669 46.
761 1636 911 1669 Velleius
934 1637 1117 1669 clarissime

406 1681 444 1716 2,
460 1679 547 1711 ¹116.
592 1679 660 1711 Sed
697 1680 812 1712 Cossus
838 1682 940 1712 etiam
973 1680 1118 1711 victorie

409 1723 633 1754 testimonium
648 1723 684 1754 in
699 1732 876 1762 cognomen
878 1723 951 1765 filii
965 1723 1116 1760 contulit,

409 1763 620 1797 adolescentis
631 1767 666 1795 in
678 1766 826 1796 omnium
835 1767 1001 1797 virtutum
1010 1774 1117 1796 ecem-

404 1808 470 1849 pla
488 1809 609 1846 geniti.
654 1807 759 1839 Filius
773 1811 837 1846 est,
852 1809 905 1839 eui
921 1808 1012 1839 locus
1028 1807 1117 1839 inter

407 1847 523 1880 doctos
536 1863 543 1880 ι
562 1851 654 1889 cujus
668 1850 815 1881 historiae
827 1855 863 1881 et
878 1854 1033 1892 poemata
1045 1849 1115 1881 lau-

407 1890 533 1923 dantur
546 1904 567 1924 a
581 1892 708 1933 priscis.
749 1892 899 1924 Historia
915 1904 934 1924 a
949 1892 1113 1924 Suetonio

409 1933 483 1965 Cal.
497 1936 529 1966 8.
551 1934 608 1966 Cn.
627 1934 791 1967 Lentulus
807 1935 985 1967 Gaetucicus
996 1934 1115 1967 Tiburi

405 1977 560 2016 genitum
573 1977 695 2009 scribit.
740 1977 900 2010 Poemata
917 1988 937 2010 a
955 1977 1112 2009 Martiale

407 2018 444 2049 in
466 2028 520 2059 ep.
539 2029 653 2061 praem.
669 2019 692 2050 l.
712 2022 742 2050 l.
785 2020 921 2051 Sidonio
942 2030 994 2061 ep.
1007 2021 1042 2056 2,
1060 2022 1110 2051 10.

408 2066 445 2092 et
457 2071 560 2095 carm.
573 2066 607 2100 9,
622 2062 697 2094 260.
712 2065 748 2092 et
772 2062 889 2095 Probo.
933 2062 1111 2103 Leguntur

404 2107 444 2136 et
457 2103 554 2136 hodie
569 2104 720 2146 quaedam
738 2104 855 2137 Graeca
869 2108 900 2137 3.
917 2112 952 2137 et
967 2106 996 2138 6.
1042 2104 1109 2135 An-

404 2144 580 2186 thoiogiae‚
595 2147 651 2178 ubi
673 2152 828 2186 corrupte
850 2148 983 2186 titulus.
1004 2154 1109 2179 Πτοιο-

404 2187 472 2222 aiau
497 2199 556 2230 pro
582 2189 786 2225 rate-ovano?-
832 2191 1022 2232 Supervixit
1047 2190 1109 2221 iste

404 2230 446 2264 ad
457 2232 527 2264 Caii
545 2233 785 2273 Principatum‚
797 2233 992 2266 interfectus
1001 2233 1043 2264 ab
1054 2242 1107 2270 eo,

405 2283 482 2306 cum
503 2274 692 2307 Germaniae
714 2274 899 2317 proefuisset
912 2276 1026 2307 decem
1049 2285 1108 2307 an·

404 2325 476 2348 nos.
511 2316 578 2350 Dio
594 2318 616 2350 1.
631 2328 660 2349 c.
697 2317 789 2349 Lu’s.

445 2359 590 2395 Modesto
602 2360 736 2400 habite]
752 2360 784 2394 h,
796 2371 826 2391 e.
841 2359 912 2395 sine
927 2360 1106 2393 insolentia

402 2410 422 2432 e
444 2400 566 2434 divitiis
588 2408 623 2435 et
652 2403 851 2443 profusione.
897 2402 1038 2436 Paratae
1053 2409 1104 2435 est

401 2442 438 2474 in
453 2443 527 2475 MS.
537 2450 571 2476 et
586 2446 634 2476 sie
646 2449 728 2478 vett.
740 2445 812 2477 edd.
821 2451 856 2476 et
871 2443 980 2479 adhue
994 2445 1103 2480 Rhen.

401 2489 437 2516 et
453 2485 569 2519 Aldus.
615 2487 630 2519 Ι
634 2497 655 2519 n
670 2489 838 2529 Lipsianas
848 2491 960 2529 partoe
973 2488 1105 2529 irrepsit

400 2527 484 2559 vitio
498 2537 683 2569 operarum,
727 2530 869 2563 Param-
883 2531 1030 2562 restituit
1053 2532 1105 2563 Pi·

401 2569 520 2602 chena.
570 2571 657 2604 Ean.
699 2573 810 2607 Rhen.
837 2575 928 2608 1519.
956 2579 1102 2614 paratae,

400 2611 458 2643 sed
484 2615 577 2646 1544.
594 2619 697 2656 pata,
714 2616 855 2655 vitiose;
878 2615 966 2647 unde
988 2620 1101 2652 ortum

422 2659 517 2689 artoe.

394 2663 422 2699 p
442 2695 632 2730 Domitium
666 2698 831 2730 decoravit
862 2700 978 2740 pater]
1016 2699 1099 2732 Vide

398 2739 598 2814 Suetolnium
618 2740 652 2771 in
677 2740 810 2775 Nerone
837 2744 863 2774 1.
882 2742 1047 2778 Velleium
1070 2745 1103 2782 2,

400 2783 457 2818 72.
524 2790 587 2818 xrs,
972 2801 979 2810 ·

406 2863 413 2870 ⁶
441 2825 518 2865 Ipse
539 2824 694 2864 delectus]
725 2825 778 2856 Sic
807 2825 951 2857 Pichena
973 2837 1012 2858 ex
1040 2827 1096 2859 de-

412 2870 503 2905 ¹ectu-«5
515 2867 655 2906 codicis;
679 2868 770 2909 prius
785 2872 856 2899 erat
872 2869 1005 2900 deletus.

412 2922 416 2926 ·
445 2908 508 2955 Cui
543 2911 652 2947 minor
681 2910 843 2958 Antonia]
888 2911 1097 2956 Vertranius,
1147 2929 1171 2939 m

1159 1592 1315 1624 Muretus
1328 1592 1447 1624 volunt
1469 1593 1566 1626 scribi
1587 1593 1698 1636 major
1711 1604 1730 1626 e
1741 1594 1862 1627 sueto.

1161 1636 1232 1674 nio,
1254 1635 1310 1676 qui
1336 1636 1418 1668 Ner.
1445 1639 1477 1668 5.
1506 1637 1669 1677 majorem
1695 1635 1863 1676 Domitio,

1160 1675 1233 1710 Cal.
1258 1680 1285 1710 1.
1309 1678 1473 1710 minorem
1499 1678 1701 1711 Germanico
1727 1678 1860 1712 tribuit.

1162 1720 1227 1752 Sed
1240 1720 1344 1753 etiam
1358 1721 1522 1758 infr-2112,
1539 1721 1591 1753 64.
1609 1722 1718 1752 minor
1729 1720 1865 1761 dieitur,
1923 1747 1924 1750 η

1163 1763 1219 1794 ubi
1242 1773 1272 1793 v.
1288 1763 1450 1804 Lipsiurn.
1493 1761 1568 1797 Jac.
1581 1763 1769 1796 Gronovius
1787 1771 1864 1795 suc·
1923 1762 1924 1778 ³

1158 1815 1289 1836 currere
1306 1805 1416 1836 voluit
1445 1805 1584 1845 legendo
1605 1807 1662 1838 cui
1682 1806 1817 1843 mimoni.
1828 1805 1864 1840 h.

1158 1858 1190 1879 e.
1205 1857 1282 1878 cum
1297 1847 1406 1879 adhuc
1419 1852 1519 1878 aetate
1532 1851 1616 1881 esset
1630 1858 1682 1886 ea,
1696 1857 1763 1888 qua
1777 1857 1862 1881 nou-

1157 1889 1236 1921 dum
1251 1890 1487 1930 magistratum
1501 1890 1672 1931 gessisset:
1690 1889 1780 1932 quod
1797 1891 1862 1923 mi·
1898 1925 1903 1932 Ι,

1157 1931 1192 1963 hi
1210 1932 1331 1963 durum
1347 1931 1486 1965 videtur.
1516 1932 1605 1965 ERN.
1799 1956 1801 1958 -
1853 1947 1858 1950 ·

1199 1974 1275 2006 Iulo
1288 1974 1445 2015 Antonio]
1470 1975 1522 2006 Cf.
1536 1977 1570 2011 3,
1589 1977 1639 2010 18.
1899 2008 1901 2011 ,

1199 2016 1327 2048 sororis
1354 2017 1516 2058 nepotem]
1555 2017 1667 2050 Natus
1695 2018 1788 2050 enim
1819 2029 1861 2052 ex
1892 2025 1903 2047 ἃ

1154 2058 1228 2090 lulo
1239 2058 1388 2091 Antonio
1410 2063 1444 2090 et
1468 2059 1628 2092 Marcella
1650 2059 1799 2092 octaviae
1820 2061 1860 2094 F.

1152 2101 1300 2175 I(ionsule
1333 2101 1477 2143 Augusti
1511 2107 1664 2134 nostrum
1699 2106 1859 2137 stemma.

1185 2153 1247 2175 irs.
1899 2156 1909 2186 κ]

1196 2187 1311 2228 Specie
1323 2186 1524 2228 studiorum]
1548 2186 1668 2220 Strabo
1683 2188 1716 2219 4.
1730 2196 1766 2228 p.
1783 2189 1856 2221 181.

1151 2233 1186 2261 et
1204 2234 1318 2261 noster
1332 2230 1366 2260 in
1378 2229 1490 2269 Agric.
1504 2232 1538 2262 4.
1887 2266 1889 2268 ,

1195 2272 1353 2304 Nationis
1397 2263 1621 2312 Termestinae]
1666 2271 1857 2305 Termisum
1886 2286 1890 2316 ς

1149 2314 1284 2356 opidum
1307 2314 1435 2346 clarum
1457 2315 1493 2346 in
1516 2313 1686 2355 Hispaniis
1705 2315 1858 2355 agnoscit
1883 2318 1895 2355 ’,,
1923 2320 1924 2325 ’

1148 2358 1316 2398 Appianus
1331 2356 1425 2398 Hisp.
1439 2361 1491 2393 99.
1528 2356 1661 2401 τιςμισδν
1674 2355 1703 2389 δὶ
1714 2357 1858 2398 μεγάλην
1876 2366 1898 2405 i?-

1148 2401 1245 2438 τέλη,
1257 2401 1302 2432 ἀεὶ
1315 2397 1460 2434 Sum-:1951
1480 2399 1629 2439 Ῥωμαίοις
1643 2399 1814 2441 ‚quopiam
1826 2401 1858 2442 ἔξ
1893 2422 1898 2428 .

1146 2443 1263 2487 ἐρυμνοῦ
1272 2443 1452 2484 κατήγαγεν
1464 2444 1491 2478 ὶς
1506 2444 1541 2476 τὸ
1555 2441 1660 2482 «Mn,
1671 2444 1724 2480 xcii
1738 2443 1858 2478 ἰκίλιν-

1146 2500 1192 2523 μιν
1205 2487 1290 2519 σίκεῖον
1303 2487 1507 2527 ἀτυχία-τινε.
1543 2487 1587 2519 Et
1601 2485 1699 2519 credo
1713 2496 1767 2519 me
1779 2495 1856 2520 vere
1874 2483 1895 2510 ᾗ·

1146 2531 1337 2562 emendasse
1358 2530 1442 2561 illud
1464 2529 1615 2562 Sallustii
1639 2529 1759 2569 fragm.
1781 2529 1805 2560 1.
1819 2531 1853 2562 3.
1871 2554 1874 2562 1
1899 2536 1902 2544 ”

1146 2573 1197 2608 Hi
1218 2574 1357 2607 saltibus
1380 2572 1544 2613 occupatis
1573 2565 1869 2606 Termestinorum..
1887 2580 1893 2610 ἴ

1145 2625 1244 2655 agros
1257 2615 1418 2647 invasere.
1431 2615 1489 2646 ubi
1511 2613 1624 2654 vulgo,
1647 2618 1722 2646 tum
1743 2615 1887 2649 exter-

1143 2667 1263 2688 norum
1278 2667 1391 2699 agros.
1432 2657 1578 2698 Opidum
1594 2657 1702 2698 ipsum
1714 2655 1890 2696 Termet52.„

1144 2700 1251 2731 Plinio
1267 2703 1299 2739 3,
1311 2704 1344 2734 4.
1359 2699 1508 2734 dictum:
1531 2698 1618 2731 unde
1632 2697 1851 2735 Termestinl.
1864 2703 1878 2729 *i

1147 2742 1240 2778 st.
1864 2755 1872 2759 ¹*

1179 2778 1262 2819 ’,ϋηο
1276 2794 1307 2815 v.
1322 2784 1358 2814 in
1374 2787 1512 2814 mortem
1534 2781 1673 2823 affecit]
1698 2791 1730 2812 ν.
1751 2779 1849 2820 ads,
1883 2787 1885 2789 '

1141 2828 1194 2861 62.
1234 2825 1420 2858 Groslotius
1435 2830 1546 2857 tentat
1555 2825 1675 2862 adscit,
1698 2826 1707 2837 ’
1725 2823 1866 2865 χιὶὶιόε,

1141 2880 1202 2914 pro
1215 2869 1342 2911 adegit.
1369 2867 1487 2902 Sordes
1501 2868 1573 2906 istas
1586 2872 1678 2901 sunt.
1744 2874 1805 2903 RN·
1830 2865 1844 2902 ι’
