1956 3250
352 128 454 175 xlvi
882 126 1343 180 PRAEFATIO.

418 259 653 310 Accessit
674 268 790 327 post
812 260 949 311 hunc
974 263 1038 311 ad
1061 263 1430 312 recensendum
1451 259 1691 310 Tacitum*
1710 263 1819 312 Jac.

350 339 642 398 Gronovius,
666 339 941 389 instructus
966 340 1218 405 excerptis
1243 339 1650 388 Florentinorum
1671 339 1821 389 libro-

347 433 477 476 rum,
514 425 566 466 et
605 418 978 466 accuratissima
1017 418 1278 481 utriusque
1316 417 1507 466 codicis
1551 415 1820 466 collatione

347 510 464 542 cum
491 494 725 543 editionis
749 502 972 560 paternae
996 502 1173 553 textu3
1212 495 1348 543 unde
1374 510 1476 542 non
1501 510 1604 542 uno
1627 494 1680 542 in
1704 493 1820 543 loco

344 578 514 620 textus
539 572 668 620 bene
694 579 952 620 correctus
978 579 1069 620 est.
1142 572 1242 621 Sed
1273 573 1379 637 ipse
1413 570 1671 622 absolvere
1694 588 1820 638 opus

344 656 496 713 atque
530 650 680 697 edere
715 664 818 696 non
853 648 1038 713 potuit,
1071 657 1232 698 morte
1268 657 1570 714 praeventus.
1642 648 1821 699 Edidit

343 726 471 774 filius
497 725 817 775 Abrahamus
842 732 894 775 et
918 727 1064 775 avitae
1090 727 1302 776 editioni
1333 727 1489 793 patris
1512 727 1657 776 notas
1681 727 1820 776 addi-

343 803 420 851 dit
451 802 585 866 Traj.
621 802 731 851 Bat.
759 819 802 850 a.
835 809 975 854 1721.
1003 812 1049 850 4.
1123 803 1384 860 Quantum
1426 803 1510 852 ille
1550 804 1700 869 pretii
1740 803 1817 853 his

340 880 478 928 libris
510 880 758 938 statuerit,
784 897 932 946 supra
963 881 1155 930 dictum
1189 889 1279 929 est.
1351 880 1631 941 Vellemus‚
1653 881 1816 932 lenius

340 964 604 1005 tractasset
630 956 883 1020 Ryckium
907 977 920 1015 3
960 973 1111 1021 quem
1137 958 1350 1006 subinde
1375 957 1426 1006 in
1450 957 1548 1007 levi
1573 974 1626 1008 re
1650 958 1721 1009 ita
1743 959 1819 1006 in-

341 1042 531 1098 crepat,
555 1033 694 1082 velut
717 1034 891 1098 patriae
916 1034 1126 1083 salutem
1158 1035 1476 1100 prodidisset.
1549 1035 1816 1095 Credimus

338 1120 528 1170 tamen,
566 1111 735 1160 mitius
776 1111 938 1160 virum
982 1112 1291 1162 excellenter
1331 1114 1540 1162 doctum
1582 1113 1813 1174 sensisse,

338 1205 489 1255 quam
515 1189 783 1254 scripsisse.
1408 1207 1411 1211 ·

408 1267 506 1315 Hae
529 1267 634 1315 fere
659 1274 775 1314 sunt
797 1268 1066 1327 editiones,
1092 1268 1272 1333 quibus
1296 1269 1372 1317 usi
1397 1286 1565 1318 sumus
1588 1270 1642 1319 in
1664 1277 1812 1320 textu

338 1343 506 1392 Taciti
540 1346 872 1403 recensendO,
899 1362 1014 1394 cum
1050 1346 1266 1411 primum
1299 1363 1414 1397 eum
1448 1347 1672 1398 laborem
1710 1365 1812 1398 sus-

336 1423 591 1487 cepimus:
632 1430 814 1470 ceterae
846 1423 1011 1477 minus
1037 1423 1183 1471 clarae
1209 1433 1343 1483 sunt,
1367 1441 1463 1473 nec
1487 1425 1656 1475 locum
1682 1426 1810 1476 obti-

339 1508 463 1548 nent
487 1500 538 1546 in
563 1499 641 1556 iis,
668 1499 848 1563 quibus
879 1499 964 1564 jus
995 1499 1214 1565 suffragii
1247 1503 1575 1562 concedatur,
1600 1519 1715 1553 cum
1747 1505 1811 1552 de

333 1577 554 1626 lectione
579 1576 745 1640 aliqua
768 1578 1022 1641 quaeritur.
1096 1578 1228 1644 Nam
1255 1595 1327 1628 eae
1353 1596 1415 1629 ex
1441 1579 1617 1629 harum
1641 1580 1808 1646 aliqua

336 1656 506 1703 ductae
532 1662 584 1703 et
606 1654 836 1720 repetitae
860 1663 1006 1704 sunt:
1035 1663 1104 1715 et,
1130 1657 1169 1704 si
1195 1673 1293 1721 qua
1315 1657 1445 1708 forte
1469 1658 1521 1706 in
1546 1667 1688 1724 parte
1712 1659 1814 1709 dis-

334 1735 541 1791 cedunt,
565 1733 618 1780 id
649 1742 736 1781 aut
766 1733 929 1798 operis
965 1735 1197 1794 debetur,
1222 1743 1309 1784 aut
1339 1753 1442 1785 non
1476 1744 1553 1787 est
1581 1737 1728 1798 tanti,
1752 1744 1810 1787 ut

331 1819 598 1876 propterea
622 1827 792 1860 earum
829 1812 956 1860 ratio
987 1812 1038 1859 in
1076 1812 1174 1861 hoc
1207 1830 1362 1862 censu
1393 1802 1579 1864 debeat
1615 1815 1809 1865 haberi..

335 1888 562 1953 Tempus
605 1888 753 1938 facile
784 1889 1009 1947 docebit,
1040 1891 1176 1938 unde
1215 1883 1428 1955 quaeque
1467 1893 1691 1942 derivata
1727 1893 1812 1942 sit.

332 1965 484 2024 Nam,
521 1972 578 2013 ut
618 1973 734 2014 ante
775 1963 1002 2030 Lipsium
1040 1982 1214 2015 omnes
1257 1967 1492 2018 Rhenani
1528 1969 1808 2020 editionem

332 2057 641 2108 expressere,
673 2042 744 2090 sic
780 2050 975 2107 postea,
1008 2042 1234 2108 Lipsium
1274 2046 1434 2094 secuti
1471 2054 1587 2096 sunt
1609 2049 1810 2108 omnes,

332 2120 516 2170 deinde
566 2118 839 2168 Pichenam
886 2127 937 2169 et
985 2120 1357 2171 Berneccerum
1405 2132 1492 2173 aut
1536 2124 1684 2191 hujus
1729 2143 1808 2176 se-

332 2213 533 2262 quaeeS.

381 2308 477 2346 Non
496 2314 629 2346 tamen
652 2320 809 2358 prorsus
833 2309 990 2348 silentio
1017 2310 1221 2360 premendi
1247 2318 1341 2350 sunt
1369 2313 1492 2350 Jcmus
1516 2313 1714 2365 Gruterus,
1735 2315 1807 2366 qut

325 2371 454 2411 Taciti
472 2384 591 2421 opera
608 2373 838 2423 recognovit
856 2377 892 2412 8.
910 2374 1092 2412 Francos.
1114 2376 1229 2417 1607.
1248 2377 1304 2414 ita
1320 2381 1367 2414 ut
1385 2382 1425 2414 et
1443 2379 1602 2429 copioso
1614 2378 1744 2417 indice
1760 2384 1805 2416 et

325 2437 432 2475 notis
449 2436 647 2474 variorum
665 2437 897 2476 instruxerit
915 2438 1159 2483 Cornelium,
1180 2441 1333 2490 primus
1351 2451 1506 2493 quoque
1521 2439 1605 2490 ejus
1618 2443 1740 2482 libros
1757 2438 1805 2483 ih*

323 2500 452 2551 capita
466 2499 702 2554 distinxerit.
756 2501 868 2550 Hugo
895 2503 1064 2548 Grotius,
1084 2503 1197 2552 cujus
1225 2504 1350 2545 nitida
1367 2505 1489 2543 editio
1513 2507 1660 2556 prodiit
1687 2507 1734 2546 L.
1752 2507 1806 2547 Β,

328 2567 389 2603 12.
409 2564 512 2602 notis
540 2568 579 2600 et
605 2564 944 2604 emendationibus
972 2568 1128 2617 stipata.
1186 2568 1242 2615 M.
1275 2569 1434 2606 Zuerz‘us
1464 2570 1710 2614 Boxhorniu‘ffi
1731 2573 1802 2624 qui

324 2627 502 2679 pauculis
520 2627 854 2667 observationibus
872 2629 1054 2670 Tacitum
1072 2632 1293 2671 illustravit.
1315 2635 1376 2670 122
1398 2633 1523 2672 Amst.
1539 2636 1656 2673 1643.
1749 2635 1751 2638 ’

392 2726 490 2776 Sed
533 2727 693 2776 exorti
736 2737 852 2776 sunt
886 2729 988 2778 duo
1024 2729 1106 2778 alii
1139 2747 1346 2796 operum
1379 2730 1546 2781 Taciti
1579 2718 1803 2784 editores

323 2803 572 2864 Francici,
588 2804 672 2869 qui
693 2806 755 2854 ad
777 2806 1000 2855 criticam
1026 2808 1270 2859 rationem
1294 2809 1563 2875 pertinent.
1603 2810 1802 2862 Primus
1847 2827 1851 2831 ’
