1924 3236
372 129 451 165 344
908 117 1273 159 ANNALIUM

267 236 306 267 Α.
323 234 367 267 U.
382 237 512 267 nuam
551 227 825 280 potestatem,
859 228 903 262 et
939 219 1170 262 insolentia
1209 220 1386 276 parendi
1451 224 1818 276 raviorem,·mire
1884 219 1911 270 ἕξ

281 281 357 312 785.
382 281 654 338 temperavit.
685 279 886 333 Namque
901 287 1041 327 antea,
1056 276 1261 333 profectis
1274 278 1403 322 domo
1417 236 1628 336 {egibuffi
1641 296 1815 326 acymox

276 320 723 396 ‘2¹2P‘magistratibuffi
739 350 793 377 ne
812 335 913 375 urbs
933 333 1024 375 sine
1046 334 1227 389 imperio
1249 334 1375 386 foret,
1398 336 1442 378 in
1465 347 1634 395 tempus
1651 338 1826 397 delige-
1879 335 1888 378 ξ’
1906 346 1912 380 ζ

318 412 364 448 11
382 398 524 449 batur,
542 396 616 452 qui
638 394 711 450 jus
742 391 953 442 redderet,
975 405 1024 433 ac
1047 391 1201 432 subitis
1234 392 1488 436 mederetur.
1506 394 1736 453 feruntque
1756 397 1814 439 ab

382 453 572 497 Romulo
600 452 809 493 Dentrem
834 448 1103 500 Romulium‚
1125 458 1224 505 post
1255 450 1310 490 ab
1332 449 1686 495 TulloHostilio
1720 453 1825 496 Num

378 526 496 555 mam
519 509 755 559 Marcium,
775 515 821 547 et
844 507 899 548 ab
917 504 1154 561 Tarquinio
1186 505 1384 562 Superbo
1412 508 1624 564 Spurium
1659 510 1816 554 Lucre-

380 570 493 611 tium
520 565 750 623 inpositos.
770 563 870 606 dein
894 562 1105 605 Consules
1127 564 1418 608 mandabant:
1451 566 1664 621 duratque
1682 567 1817 611 simu-

378 622 773 679 lacrum‚quotiens
790 622 847 663 ob
870 620 998 662 ferias
1022 620 1198 662 Latinas
1221 622 1469 678 praeficitur,
1486 624 1560 678 qui
1578 623 1830 668 consulare.

379 697 537 726 munus
561 689 753 737 usurpet.
793 678 998 721 Ceterum
1015 677 1240 735 Augustus
1260 679 1381 720 bellis
1399 679 1600 722 civilibus
1622 680 1818 725 Cilnium

381 740 690 789 Maecenatem,
715 736 937 792 Equestris
958 736 1136 788 ordinis,
1155 738 1322 778 cunctis
1341 737 1455 793 apud
1481 737 1665 780 Romam
1689 747 1822 795 atque

380 797 554 839 Italiam
576 794 828 853 praeposuit.
873 792 1005 844 Mox,
1029 807 1168 835 rerum
1191 794 1369 850 potitus,
1390 796 1447 836 ob
1471 795 1819 852 magnitudinem

380 853 547 912 populi,
566 868 617 895 ac
636 853 758 894 tarda
777 851 922 908 legum
945 850 1122 901 auxilia,
1143 852 1327 908 sumpsit
1347 866 1371 893 e
1394 851 1722 907 consularibus,
1743 854 1822 910 qui

379 920 600 955 coerceret
625 910 814 960 servitia,
845 919 890 950 et
918 908 1033 963 quod
1061 909 1225 951 civium
1254 909 1435 950 audacia
1464 910 1700 962 turbidum,
1733 911 1822 956 nisi

379 971 471 1013 vim
492 978 671 1011 metuat.
695 967 942 1025 primusque
963 965 1170 1007 Messalla
1189 965 1405 1008 Corvinus
1427 979 1522 1008 earn
1544 976 1831 1025 potestatem,

380 1096 524 1129 creatus,
547 1099 653 1131 nuper
673 1089 800 1122 factus:
823 1087 910 1128 quod
931 1087 1078 1119 alienum

381 1141 445 1167 est.
487 1133 683 1174 Suspicabar
709 1131 864 1163 Tacitum
894 1131 1078 1172 scripsisse:

380 1181 514 1208 creatus
524 1189 534 1206 .·
555 1175 611 1206 sed
626 1174 657 1205 id
673 1174 863 1214 languidum
879 1182 948 1204 esse
962 1173 1081 1204 sentio.

381 1220 454 1251 Nee
469 1222 583 1249 tamen
600 1217 717 1248 melius
739 1216 819 1256 quid
841 1214 956 1256 reperi.
991 1215 1090 1254 ERN.-

380 1262 457 1302 Bip.
472 1270 582 1291 recens
595 1259 636 1293 ad
650 1259 839 1290 continuam
856 1258 1025 1297 referunt3
1049 1270 1082 1299 q.

379 1304 415 1335 d.
430 1307 630 1345 potestatem
645 1311 712 1332 non
727 1301 833 1331 multo
849 1306 938 1338 ante,
952 1299 993 1331 ab
1014 1300 1082 1332 Au·

382 1352 481 1386 gusto
494 1344 564 1376 scil.
580 1344 774 1376 continuam
790 1343 927 1374 factam.
953 1342 1082 1374 Hillero

381 1394 502 1420 contra
523 1386 606 1418 Rae.
621 1387 674 1418 32.
696 1395 805 1416 recens
827 1384 1012 1426 Proefectus
1033 1390 1084 1417 est

381 1441 452 1462 non
468 1430 576 1462 multo
592 1433 670 1460 aute
693 1429 908 1464 constitutus,
924 1432 963 1459 ut
988 1428 1081 1460 Suet.

381 1473 458 1505 Tib.
477 1476 506 1504 l.
524 1471 666 1503 Romam
685 1479 797 1501 recens
810 1470 975 1501 condicam
989 1469 1080 1502 dicit.

426 1515 614 1554 Feruntque
627 1514 668 1544 ab
683 1514 822 1544 Romulo
836 1512 1000 1545 Dentrem
1014 1514 1080 1543 Ro-

382 1556 542 1597 mulium]
567 1556 655 1596 Quia
678 1566 731 1596 ap.
747 1554 819 1587 Liv.
841 1557 891 1591 10,
911 1557 937 1584 l.
952 1554 1002 1586 M.
1018 1555 1079 1586 Li-

381 1602 458 1630 vius
472 1599 602 1632 Denter
623 1597 778 1635 occurrit,
792 1597 975 1636 conjiciunt
998 1607 1081 1628 non·

381 1642 481 1680 nulli,
509 1641 563 1672 hic
588 1640 723 1672 Livium
751 1649 809 1679 pro
825 1639 1019 1671 Romulium
1035 1639 1081 1671 le-

380 1684 544 1724 gendum:
569 1682 661 1722 quasi
686 1682 866 1713 necessario
890 1681 945 1712 ille
972 1680 1080 1714 Livia-

382 1737 445 1757 nus
481 1727 610 1758 Denter
637 1735 655 1756 e
685 1725 834 1766 posteris
859 1723 947 1755 illius
981 1724 1080 1764 primi

381 1769 533 1800 Praefecti
546 1780 552 1798 :
576 1773 610 1798 et
625 1776 691 1798 non
706 1767 797 1807 genti
812 1776 940 1807 quoque
953 1765 1079 1798 Romu-

381 1811 436 1842 liae
448 1813 514 1842 sive
529 1809 711 1842 Romuleiae
723 1810 883 1840 usitatum
894 1818 1079 1848 cognomen

380 1863 451 1884 esse
467 1853 624 1894 potuerit.
645 1852 733 1883 ERN.
767 1851 808 1882 In
824 1850 993 1883 nonnullis
1009 1851 1080 1882 istis

381 1901 461 1927 sunt
475 1896 640 1930 Muretus,
657 1893 807 1924 Ursinus.

425 1938 580 1969 Numam
595 1935 780 1975 Marcium]
806 1935 866 1966 Est
888 1937 983 1975 pater
995 1934 1079 1966 Anci

381 1979 514 2018 Marcii,
529 1979 626 2018 Regis
639 1978 761 2009 Nuinoe
789 1976 942 2017 Pompilii
966 1986 1080 2015 gener,

382 2032 524 2062 quocum
557 2029 747 2062 praenomen
775 2019 933 2051 Sabinum
967 2019 1082 2051 Numa

382 2073 560 2095 commune
586 2063 715 2094 habuit.
760 2062 839 2101 Ejus
869 2061 995 2092 mentio
1025 2072 1080 2102 ap.

382 2106 456 2139 Liv.
484 2109 512 2143 1,
536 2107 587 2138 20.
607 2105 661 2135 ubi
692 2105 844 2136 Pontifex
872 2114 891 2134 a
917 2103 1078 2145 Pompilio

382 2152 512 2179 creatus
534 2148 673 2179 dicitur:
698 2146 737 2178 ad
760 2158 792 2187 q.
815 2147 839 2177 l.
859 2158 889 2177 v.
912 2146 1076 2187 Sigonius,

381 2190 458 2221 Vid.
474 2191 514 2221 de
531 2191 593 2222 hoe
615 2190 727 2220 Numa
750 2190 877 2221 Marcio
900 2189 1078 2228 Spanhem.

382 2233 423 2263 de
447 2232 505 2264 Us.
525 2238 560 2264 et
583 2233 634 2263 Pr.
648 2231 693 2263 N.
720 2232 811 2263 Diss.
828 2235 876 2264 10.
893 2236 919 2262 t.
934 2233 964 2263 2.
978 2241 1009 2272 p.
1029 2235 1076 2265 19.

383 2277 436 2308 520.
451 2275 506 2305 ubi
529 2280 616 2306 recte
639 2274 788 2315 repudiat
810 2273 948 2306 Merceri
970 2274 1080 2314 conje-

384 2322 513 2349 cturam
551 2317 676 2349 Numoe
711 2322 855 2358 nepotem
898 2316 1079 2353 Marcium,

383 2360 469 2398 quod
477 2365 510 2391 et
522 2358 688 2400 placuerat
698 2359 850 2391 Reinesio
860 2359 962 2390 Inser.
975 2359 1078 2390 Class.

382 2401 422 2433 V.
438 2411 471 2433 n.
486 2405 516 2433 2.
540 2402 626 2434 ERN.
663 2400 833 2443 intellige:
857 2411 955 2443 quam
968 2406 1002 2432 et
1017 2401 1078 2432 im-

381 2445 538 2485 probarat
552 2443 734 2476 Reinesius.

425 2486 485 2526 Sp.
504 2486 714 2526 Lucretium]
732 2485 844 2516 Livius
863 2489 892 2523 1,
909 2488 961 2520 59.
991 2484 1080 2518 ERN.

425 2529 542 2561 Ferias
561 2528 654 2568 Lat]
673 2528 714 2560 V.
730 2528 768 2559 de
783 2527 833 2559 his
846 2531 876 2564 4,
892 2529 944 2559 36.

431 2570 574 2601 Cilnium
590 2570 816 2610 Moeeenatem]
842 2571 916 2601 Non
932 2574 970 2601 ut
993 2580 1081 2602 rece-

382 2618 479 2654 ptum
510 2616 574 2649 est,
606 2612 786 2644 Cillinium.
834 2613 961 2644 Cilnius
990 2613 1080 2644 enim

382 2655 507 2695 gentile
523 2663 642 2686 nomen
668 2655 769 2694 patris
792 2654 887 2694 hujus
909 2659 944 2686 et
965 2654 1079 2687 altoris

383 2698 568 2729 Musarum.
613 2697 673 2727 Cui
705 2695 821 2727 domus
851 2698 957 2737 prisca
984 2697 1081 2729 Arre-

380 2741 483 2778 tium,
498 2744 537 2769 ut
550 2737 630 2769 olim
645 2747 684 2768 ex
700 2737 792 2768 Livio
811 2741 860 2774 10,
875 2742 904 2770 3.
921 2740 1016 2770 docui
1035 2740 1079 2780 (v.

381 2782 477 2814 Lect.
489 2781 602 2820 Antiq.
616 2783 645 2818 1,
656 2779 724 2820 22.)
739 2785 774 2812 et
788 2779 869 2812 adde
885 2781 956 2813 Silii
969 2791 1079 2813 versus

383 2824 517 2863 hujusce
554 2823 598 2854 rei
635 2826 667 2859 7.
702 2825 754 2858 99.
815 2822 938 2854 Cilnius
966 2824 1080 2855 Arreti

385 2866 564 2910 Tyrrhenis
577 2869 668 2900 ortus
681 2866 718 2899 in
731 2867 795 2900 oris
813 2865 950 2901 Clarum
964 2876 1081 2899 nomen

1121 1093 1206 1120 erat.
1229 1089 1290 1121 etsi
1319 1089 1363 1121 ibi
1392 1099 1520 1131 quoque
1543 1089 1655 1130 vulgo,
1682 1089 1832 1124 citium.-

1122 1131 1210 1163 Nam
1234 1132 1346 1170 Silius,
1359 1139 1399 1163 ut
1420 1133 1519 1171 solet,
1532 1132 1705 1165 historiam
1725 1143 1820 1165 exor-

1123 1180 1182 1205 nat
1212 1174 1291 1205 flore
1313 1174 1486 1206 hominum
1508 1175 1558 1206 sui
1578 1175 1834 1216 superiorisque.

1123 1217 1196 1247 aevi.
1227 1217 1379 1248 Praefecit
1393 1223 1505 1248 autem
1520 1217 1635 1249 Romae
1649 1218 1833 1256 Italiaeque-

1124 1258 1342 1291 Maecenatem
1357 1259 1525 1298 Augustus
1547 1269 1605 1300 per
1624 1260 1746 1291 bellum
1769 1259 1823 1291 Si-

1125 1301 1251 1333 culum.
1295 1302 1439 1334 Consule
1466 1302 1611 1333 Dionem
1631 1306 1686 1340 49,
1711 1302 1761 1333 16.
1783 1302 1820 1333 in

1125 1344 1206 1374 actis
1221 1343 1300 1375 anni
1315 1347 1389 1378 718.
1425 1344 1518 1376 Lirs.
1560 1343 1651 1376 Adde
1664 1344 1704 1376 de
1720 1348 1832 1385 gente.

1126 1386 1235 1417 Cilnia
1248 1386 1460 1418 Demsterum
1477 1388 1512 1417 in
1528 1386 1662 1418 Etruria
1673 1386 1773 1426 regali
1784 1389 1819 1424 2,

1124 1430 1177 1460 54.
1196 1438 1294 1468 quem
1317 1439 1392 1460 cum
1416 1429 1488 1460 aliis
1510 1427 1624 1460 laudat
1646 1428 1819 1460 Drakenb.

1123 1470 1164 1500 ad
1179 1470 1309 1501 Livium
1334 1471 1358 1502 1.
1374 1481 1404 1503 c.
1421 1471 1476 1502 ubi
1491 1471 1592 1502 etiam
1605 1470 1645 1502 de
1659 1471 1818 1504 varietate

1122 1511 1220 1545 MSS.
1234 1514 1268 1544 in
1285 1513 1347 1544 hoc
1362 1514 1506 1545 nomine.
1549 1512 1638 1544 ERN.
1719 1543 1721 1545 .

1169 1554 1330 1587 coerceret
1340 1556 1487 1596 servitia]
1501 1555 1748 1590 circumscribit
1760 1564 1820 1596 po-

1122 1600 1278 1628 testatem
1303 1598 1523 1634 Praefecturae,
1536 1606 1610 1636 qum
1629 1602 1743 1630 tamen
1759 1607 1819 1628 au-

1122 1643 1188 1671 cta.
1232 1639 1372 1678 Suadeo,
1387 1640 1475 1680 legas
1497 1640 1641 1671 Dionem
1663 1640 1699 1671 in
1717 1639 1816 1672 Orat.

1122 1681 1315 1714 Maecenatis
1330 1685 1383 1720 52,
1397 1685 1450 1714 2¹.
1492 1682 1585 1714 Ln’s.

1165 1724 1366 1765 Primusque
1379 1725 1537 1760 Messalla
1554 1723 1723 1765 Corvinus]
1736 1712 1831 1756 Tra--

1120 1764 1169 1797 dit
1184 1766 1269 1798 idem
1285 1767 1442 1798 Eusebius
1458 1766 1624 1802 Chronico
1637 1778 1644 1797 ι
1660 1767 1821 1802 Messalla

1126 1806 1294 1847 Corvinus,
1323 1809 1443 1850 inquit,
1463 1810 1597 1849 primus
1631 1807 1818 1849 Praefectus

1120 1851 1212 1881 urbis
1219 1850 1352 1891 factus,
1374 1855 1462 1882 sexto
1483 1851 1535 1883 die
1557 1851 1761 1896 magistratu
1783 1860 1819 1894 se

1121 1893 1298 1931 abdicavit,
1333 1887 1496 1925 incivilem
1526 1894 1719 1934 potestatem
1754 1894 1832 1931 9⁸qu

1121 1939 1312 1967 contestans.
1356 1936 1402 1967 At
1424 1935 1489 1966 Dio
1508 1929 1562 1974 54',
1577 1935 1608 1974 6.
1623 1935 1658 1971 in
1679 1934 1762 1966 actis
1783 1945 1823 1967 a.

1122 1979 1196 2011 733.
1210 1977 1259 2008 ita
1281 1982 1407 2014 narrat,
1423 1982 1462 2008 ut
1482 1978 1532 2009 M.
1547 1977 1726 2018 Agrippam
1749 1977 1832 2016 pri}=

1123 2029 1215 2050 mum
1232 2019 1332 2051 faciat
1346 2019 1543 2051 Praefectum
1565 2019 1650 2051 urbi.
1666 2019 1719 2050 eui
1741 2027 1819 2055 mox

1123 2072 1152 2092 a.
1176 2064 1250 2097 738.
1266 2072 1294 2093 c.
1310 2065 1359 2097 19.
1401 2062 1550 2093 Taurum
1571 2060 1703 2099 sufficit,
1718 2059 1817 2100 hujus

1122 2104 1253 2135 Corvini
1275 2103 1368 2136 nulla
1385 2104 1566 2136 mentione.
1602 2103 1693 2135 L1PS.
1736 2103 1836 2136 Om-,
1887 2101 1909 2110 ’”

1120 2147 1200 2178 nino
1215 2147 1414 2187 excogitavit
1436 2156 1571 2185 novum,
1586 2145 1673 2186 quod
1693 2145 1836 2179 frustra.

1119 2193 1220 2229 negat
1246 2189 1460 2221 Vertranius:
1491 2194 1527 2220 et
1552 2188 1695 2230 quidem,
1722 2187 1817 2228 (licet

1118 2231 1184 2262 alia
1197 2231 1403 2271 obtenderet)
1423 2234 1462 2262 ut
1474 2231 1641 2272 frangeret
1653 2231 1710 2271 jus
1729 2230 1820 2262 Prae-

1121 2278 1246 2311 torum,
1272 2273 1496 2313 magistratus,
1522 2282 1621 2313 quem
1646 2282 1666 2303 a
1691 2271 1814 2313 populo

1121 2317 1223 2347 creari
1237 2316 1384 2348 sinebat:
1407 2320 1476 2346 tam
1492 2315 1578 2347 felici
1597 2323 1760 2351 successu,
1775 2318 1817 2346 ut

1120 2358 1279 2390 Boethius
1302 2357 1358 2389 lib.
1374 2361 1403 2389 3.
1419 2357 1458 2390 de
1473 2367 1562 2389 cons.
1575 2356 1657 2398 phil.
1672 2357 1816 2388 scribat:
1831 2386 1833 2388 .

1121 2399 1283 2433 Praecura
1308 2410 1434 2439 magna
1455 2401 1531 2430 olim
1555 2403 1708 2440 potestus,
1730 2407 1820 2430 nunc

1123 2444 1223 2474 inane
1243 2452 1358 2474 nomen
1379 2447 1437 2481 est,
1461 2446 1493 2473 et
1519 2441 1687 2474 Senatoris
1706 2450 1820 2473 censue

1121 2487 1238 2524 gravis
1251 2486 1397 2516 sarcina.
1439 2485 1541 2517 Recte
1557 2485 1649 2516 Suet.
1661 2483 1748 2527 Aug.
1761 2485 1818 2518 37.

1123 2529 1185 2560 etsi
1197 2527 1392 2560 Torrentius
1404 2537 1533 2567 quoque
1548 2535 1614 2558 non
1630 2530 1699 2557 tam
1721 2524 1819 2556 insti-

1122 2571 1236 2607 tuisse,
1252 2579 1349 2609 quam
1365 2570 1492 2600 auxisse
1505 2575 1540 2600 et
1554 2577 1686 2600 ornasse
1708 2570 1817 2599 notet.

1123 2612 1267 2644 Nomine
1294 2621 1371 2643 usus
1397 2617 1447 2643 est
1471 2617 1599 2642 vetere:
1627 2609 1683 2640 sed
1706 2618 1756 2640 res
1781 2613 1817 2640 et

1123 2659 1269 2695 potestas
1283 2659 1356 2685 toto
1372 2663 1490 2694 genere
1504 2652 1656 2684 distabat.
1698 2650 1817 2690 Itaque
1832 2680 1835 2685 ,

1122 2706 1219 2738 eopse
1240 2701 1401 2737 tempore,
1415 2706 1478 2736 quo
1494 2695 1547 2726 hic
1569 2693 1694 2726 urbano
1709 2693 1818 2726 milite

1122 2739 1308 2769 succinctus
1334 2738 1509 2774 Praefcctus
1529 2736 1602 2767 urbi
1616 2735 1747 2776 vigebat
1760 2745 1818 2766 vo-

1122 2781 1302 2820 litabatque
1322 2780 1479 2811 maxime:
1502 2785 1616 2810 tamen
1637 2777 1817 2816 quotannis

1120 2823 1317 2854 Latinarum
1347 2831 1461 2853 caussa
1482 2820 1614 2861 quidam
1636 2820 1719 2851 alius
1741 2819 1817 2849 urbi

1121 2864 1372 2910 praeficiebatur.
1414 2864 1582 2897 Caeterum
1595 2862 1635 2895 de
1646 2862 1697 2895 his
1707 2860 1820 2915 Tacit}
1846 2862 1849 2866 '

1892 2379 1921 2747 *ffiaeaew—m„m
1919 2360 1921 2364 ,
1904 2342 1909 2345 r
