1956 3250
474 150 522 185 12
1011 144 1380 186 ANNALHJM

469 261 623 291 novae:
658 246 921 305 pauci'bona
939 247 1152 290 libertatis
1172 249 1392 290 incassum
1413 248 1643 293 disserere:
1675 249 1816 307 plures
1834 244 1923 295 bel·

470 305 558 347 lum
584 319 826 362 pavescere,
848 305 918 347 alii
943 320 1126 362 cupere:
1160 320 1257 361 pars
1281 306 1416 347 multo
1440 308 1633 350 maxima
1655 309 1924 352 imminentis

467 363 670 406 dominos
690 364 820 406 variis
852 364 1098 405 rumoribus
1131 362 1412 406 differebant:
1444 371 1595 407 trucem
1616 366 1852 431 Agrippam
1882 374 1923 409 et

446 420 696 478 ,ignominia
717 435 922 463 accensum
949 435 1030 462 non
1061 427 1191 472 aetate,
1209 435 1337 477 neque
1358 435 1492 463 rerum
1511 423 1773 479 astruentia,
1796 432 1923 467 tanta:

465 479 566 520 moli
598 494 741 535 parem
756 494 772 521 .-
819 478 1028 520 Tz'berium
1065 477 1268 520 Neronem
1302 485 1509 521 malm-um
1538 481 1672 534 annis,
1700 489 1922 538 spectatum

466 536 586 589 bello,
608 536 680 578 sed
707 543 835 578 vetere
864 542 987 592 atque
1015 535 1139 577 insita
1161 534 1541 594 Claudiaefizmiliae
1570 539 1785 595 superbia;
1815 540 1923 582 rnul-

466 600 587 651 taque
608 593 764 636 indicia
781 593 960 645 saevitiae,
982 608 1228 651 quamq-uam
1243 599 1502 651 premantur,
1522 610 1739 652 erumpere.
1792 598 1920 640 Hanc

462 660 503 693 et
526 652 666 707 prima
695 652 749 692 ab
778 650 965 708 infantia
994 651 1180 694 eductum
1208 652 1254 694 in
1283 652 1400 694 domo
1426 653 1657 710 reg-natrice
1672 671 1686 696 .·
1715 662 1921 713 congestos

446 709 601 766 juveni
637 707 884 762 consulam,
925 709 1176 765 triumphos.-

1228 723 1277 752 ne
1313 710 1367 752 iis
1405 710 1566 768 quidem
1607 712 1739 765 αηηίε,
1777 712 1923 770 quihus

462 766 619 815 Rhodi.
639 766 767 823 specie
795 782 972 820 secessus,
992 767 1147 810 exulem
1177 767 1321 825 egerit,
1342 767 1506 826 aliquid
1533 785 1656 829 quam
1678 771 1786 813 iram
1806 778 1844 814 et
1862 771 1920 813 si-

457 909 525 931 non
550 899 687 931 dubium
709 904 772 938 est,
789 901 868 941 quin
891 900 1166 940 vbfirtigabatur,

457 943 545 983 quod
561 943 658 974 iidem
675 943 865 981 observant,
878 944 1040 975 referatur
1053 943 1094 979 ad
1111 953 1167 973 vo-

457 996 531 1018 cem
546 990 692 1018 senectus
706 998 716 1015 :
741 985 797 1017 sed
813 997 851 1017 eo
866 996 978 1023 sensu,
995 996 1059 1026 qno
1078 984 1166 1026 apud

455 1028 654 1060 Juvenalem
688 1031 739 1066 10,
767 1031 822 1063 75.
852 1030 880 1059 si
908 1038 1057 1069 oppressa
1068 1026 1165 1068 soret

454 1080 572 1103 secura
593 1075 740 1102 senectus
763 1071 946 1112 Principis.
994 1071 1164 1102 Nimirum

455 1120 633 1155 postquam
670 1114 738 1155 ipse
772 1115 923 1155 princeps
950 1114 1059 1145 aetatis
1087 1123 1163 1154 pro-

455 1163 573 1195 vectae,
591 1159 663 1197 jam
680 1164 714 1188 et
730 1157 853 1188 morbis
868 1157 967 1198 coepit
990 1157 1162 1188 attentari.

454 1197 632 1231 Rationem
652 1199 758 1230 reddit
773 1199 922 1236 Tacitus,
939 1209 1039 1239 quare
1054 1199 1162 1230 homi-

455 1242 552 1273 nibus
567 1242 606 1274 de
625 1252 660 1272 rc
683 1243 815 1283 publica
829 1243 981 1282 Augusto
1005 1241 1164 1282 permissa

454 1285 580 1325 pridem
597 1285 719 1316 securis
734 1284 992 1316 sollicitudinem
1009 1284 1164 1316 attulerit

451 1328 656 1368 exspectatio
678 1327 892 1359 successoris:
919 1337 1052 1369 nempe,
1075 1326 1163 1367 quod

453 1369 621 1408 videbant,
651 1370 748 1401 illum
784 1370 955 1401 accessisse
985 1369 1028 1401 ad
1058 1369 1160 1401 finem

449 1413 682 1450 mortalitatis,
697 1418 814 1454 utpote
839 1413 933 1445 valde
956 1422 1082 1450 senem,
1099 1421 1161 1444 nec

448 1455 518 1494 jain
546 1455 648 1487 crudo
671 1456 842 1495 viridique,
859 1455 916 1486 sed
938 1455 1102 1486 caussatio
1125 1461 1160 1487 et

449 1497 575 1529 labanti
590 1508 743 1540 corpore:
765 1502 803 1528 ut
817 1498 873 1529 ille
886 1497 973 1539 apud
983 1497 1159 1529 Phaedrum

450 1539 504 1571 leo
526 1540 736 1580 describitur,
760 1539 920 1581 Dffectus
941 1541 1039 1572 annis
1059 1545 1093 1572 et
1106 1541 1161 1572 de·

448 1588 556 1615 sertus
572 1584 706 1616 viribus.
753 1583 819 1614 Hic
841 1583 926 1614 nihil
948 1592 1081 1625 prorsus
1103 1592 1161 1615 ne-

448 1635 538 1658 cesse
566 1626 634 1657 fuit
668 1627 775 1658 animi
803 1627 1011 1658 mentionem
1039 1625 1158 1658 faeere.

449 1667 529 1700 Non
551 1669 643 1701 enim
666 1669 796 1701 auctori
818 1679 912 1707 cura,
933 1669 1069 1710 pingere
1091 1668 1160 1699 Au-

447 1717 585 1751 gustum
599 1712 754 1743 omnibus
767 1712 929 1752 partibus,
939 1711 1046 1751 qualis
1058 1711 1160 1743 suerit

446 1754 509 1786 tali
519 1762 685 1795 tempore,
697 1755 754 1786 sed
769 1755 969 1786 submonere
979 1754 1018 1785 de
1030 1754 1158 1785 duobus

446 1796 514 1828 illis
557 1796 669 1828 ublice
691 1797 779 1828 notis
800 1803 836 1829 et
857 1797 892 1828 in
908 1797 1022 1828 oculos
1045 1797 1157 1828 incur-

446 1840 535 1871 renti
559 1849 610 1877 uS‚
639 1849 717 1880 quae
742 1840 959 1871 adverterunt
991 1839 1155 1878 homines,

445 1887 608 1924 tanquam
641 1883 802 1924 praesagia
837 1883 995 1914 instantis
1028 1883 1156 1915 mortis.

444 1924 491 1956 At
505 1926 636 1957 animus
652 1934 758 1965 neque
773 1928 908 1966 vegetus
923 1926 958 1956 in
972 1925 1066 1956 senio
1077 1925 1157 1957 vitae

445 1966 584 2008 longum
597 1967 780 2006 duraturae,
791 1977 896 2008 neque
905 1967 1070 1999 infimior
1079 1967 1156 2000 citae

445 2011 564 2042 mortis
579 2011 803 2052 prerogativa
813 2014 875 2042 est.
896 2011 1010 2042 GRoN.
1035 2010 1154 2042 Exemi

443 2053 638 2094 scrupulum
661 2053 802 2094 virgula,
819 2063 893 2093 quae
915 2063 1004 2093 aegro
1026 2062 1155 2094 praepo·

443 2095 550 2133 nitur,
565 2095 687 2128 deleta.
730 2096 864 2134 Tacito,
881 2096 1042 2128 Suetonio
1065 2095 1154 2127 aliis-

441 2148 506 2179 que
521 2137 605 2170 uihil
619 2138 734 2170 tritius
755 2146 807 2170 est
823 2139 1007 2181 postposito
1022 2143 1066 2176 et,
1084 2148 1152 2171 non

439 2181 484 2213 ad
506 2190 635 2218 morem
652 2180 748 2213 illum
764 2187 954 2223 poetarum,
970 2181 1027 2213 sed
1048 2186 1087 2212 ut
1109 2182 1152 2214 sit

440 2223 558 2262 etiam,
572 2224 665 2262 adeo,
680 2234 745 2265 qua
761 2224 794 2256 vi
813 2224 902 2256 illius
917 2224 1044 2256 voculae
1067 2234 1151 2255 non-

439 2265 524 2298 dum
537 2267 648 2298 utitur
662 2276 770 2298 oevum
788 2267 968 2299 Ciceronis.
1012 2267 1152 2299 Provec-

439 2309 509 2340 πίοι·
522 2313 604 2341 aetas
625 2309 783 2351 principis
800 2310 903 2341 etiam
925 2309 1049 2342 morbis
1072 2319 1151 2341 con-

429 2351 644 2388 flictabatur.
673 2352 727 2384 Sic
739 2352 805 2384 duo
820 2353 970 2384 membra
983 2353 1059 2393 apte
1069 2362 1149 2384 con-

439 2395 655 2436 stringuntur
682 2395 716 2426 in
739 2404 858 2427 unum.
902 2395 1050 2427 Verbum
1076 2399 1152 2427 erat

439 2437 477 2469 in
491 2437 601 2470 mulio
619 2437 794 2469 subaudire
808 2437 861 2468 vix
877 2437 1043 2470 Latinitas
1056 2438 1149 2470 sinit.

439 2478 583 2512 Rectum
600 2485 635 2511 et
651 2480 780 2512 Acidal.
795 2480 889 2511 vidit.
934 2479 1150 2513 Freinshemii

438 2525 654 2564 conjecturae,
668 2524 782 2555 anima
796 2521 979 2561 alimentis,
993 2527 1028 2555 et
1042 2532 1151 2554 exem-

438 2565 496 2607 plo
503 2565 637 2603 Liv.38‚
647 2567 702 2601 29.
713 2565 901 2607 exemplum
914 2566 1014 2607 ipsius
1021 2565 1148 2597 obverti

439 2612 572 2653 poterat
594 2608 640 2639 Su
667 2608 767 2650 piem.
789 2608 864 2640 Liv.
886 2611 940 2646 89,
961 2610 1014 2643 37.
1059 2609 1149 2640 Male

438 2651 526 2692 conj.
553 2651 641 2692 Wop
657 2651 779 2683 'ensius
795 2663 806 2691 3
835 2661 872 2692 p.
896 2649 1051 2692 provecta
1067 2651 1149 2694 jam

436 2697 601 2726 senectute
613 2703 715 2734 eger,
729 2699 761 2725 ee
774 2704 861 2734 corp.
864 2693 898 2734 f
896 2717 904 2725 .

478 2735 959 2778 Ruminalis—differebant]
1004 2734 1147 2768 Notabis

436 2778 608 2820 ingenium
623 2779 808 2821 plcbis‚Oui
822 2789 890 2810 mos
902 2779 1022 2810 humili
1033 2779 1148 2810 Ioesisse

433 2831 556 2853 veneno
571 2820 796 2859 San-mamea·
809 2822 972 2864 impositos
985 2831 1147 2861 umquam

434 2865 689 2940 cmstevolienti
697 2863 800 2898 Ferre
808 2865 924 2898 duces.-
942 2863 1146 2897 Stat.Theb.

437 2908 469 2948 1,
488 2909 561 2953 ¹⁷}-
625 2915 688 2942 11²3.

1254 900 1472 941 ‚Quamquam
1501 902 1730 942 premantur]
1786 903 1919 935 Indicia

1208 943 1340 983 proprie
1356 953 1421 974 non
1433 949 1648 984 premuntur,
1663 946 1718 976 sed
1735 945 1828 984 vitia,
1842 946 1878 978 h.
1895 945 1918 978 l.

1209 986 1349 1018 saevitia.
1394 986 1511 1026 Itaque
1547 987 1742 1019 inclinarem
1777 988 1812 1019 in
1841 998 1919 1020 eam

1209 1032 1352 1067 partem,
1363 1033 1401 1060 ut
1412 1029 1568 1060 Tacitum
1583 1029 1748 1071 scripsisse
1763 1035 1919 1071 putarem

1200 1075 1394 1110 prematur,
1405 1072 1466 1103 nisi
1480 1072 1611 1110 scirem,
1621 1071 1712 1104 hunc
1719 1073 1917 1113 scriptorem

1206 1117 1242 1143 et
1257 1113 1292 1144 in
1305 1113 1376 1145 aliis
1400 1114 1565 1146 duriorem
1580 1125 1663 1154 esse,
1674 1120 1711 1148 et
1731 1115 1774 1148 ab
1787 1115 1916 1156 vulgari

1207 1156 1445 1188 consuetudine
1474 1157 1628 1198 loquendi
1647 1167 1735 1200 soepe
1761 1158 1920 1193 consulto

1206 1198 1367 1229 recedere.
1407 1200 1452 1230 Et
1464 1199 1553 1231 favet
1566 1199 1711 1242 vulgatae
1725 1199 1809 1232 alius
1823 1201 1919 1234 locus

1207 1239 1254 1270 H.
1271 1241 1302 1277 l,
1316 1241 1373 1273 26.
1395 1241 1482 1273 ERN.
1510 1242 1619 1275 Immo
1633 1243 1680 1275 rei
1692 1243 1778 1276 ratio
1792 1254 1831 1277 ac
1845 1254 1915 1276 ser·

1207 1283 1314 1314 monis
1325 1285 1520 1327 proprietas·
1539 1285 1631 1318 Vitia
1639 1286 1742 1318 animi
1752 1296 1915 1329 premere,

1206 1325 1311 1357 virtus
1333 1333 1407 1367 est;
1430 1327 1462 1358 id
1479 1337 1555 1359 vero
1574 1333 1626 1359 est
1648 1338 1797 1361 coercere
1819 1339 1859 1361 ea
1879 1334 1916 1361 et

1204 1377 1432 1410 compescere:
1458 1374 1495 1402 at
1516 1371 1776 1411 significationes
1797 1381 1917 1404 eorum

1204 1411 1299 1442 nobis
1335 1413 1478 1444 incautis
1514 1420 1727 1455 erumpentes
1758 1424 1914 1456 rpremere

1203 1452 1238 1485 h.
1266 1464 1294 1485 e.
1333 1455 1501 1487 occultare
1536 1463 1572 1487 et
1601 1456 1706 1488 oculis
1737 1457 1916 1489 hominum

1202 1496 1395 1537 subducere,
1406 1498 1577 1530 simulatio
1586 1505 1637 1530 est
1648 1499 1793 1532 virtutis.
1811 1499 1918 1532 Haud‘

1204 1539 1389 1579 abnuerim,
1406 1542 1549 1581 figurate
1571 1541 1672 1573 etiarn
1688 1543 1833 1574 alterum
1847 1538 1914 1574 diei

1204 1590 1310 1622 posse,
1326 1593 1424 1615 sensu
1439 1584 1570 1622 eodem,
1587 1585 1642 1616 sed
1658 1585 1693 1616 in
1716 1584 1783 1617 alia
1795 1585 1915 1617 verbu-

1203 1634 1277 1656 rum
1295 1626 1526 1658 collocatione.
1568 1626 1622 1658 De
1642 1627 1796 1669 superbia
1809 1626 1911 1661 Clau-

1202 1667 1333 1700 diorum
1355 1669 1407 1700 vel
1429 1669 1627 1702 Suetonium
1642 1670 1716 1702 vide
1735 1669 1814 1703 Tib.
1830 1681 1867 1703 ο.
1876 1673 1910 1704 2.

1202 1714 1237 1741 et
1253 1710 1386 1743 Livium
1405 1713 1540 1754 passim.

1244 1753 1394 1786 Exulem
1441 1754 1562 1795 egerit]
1618 1755 1673 1787 lta
1714 1755 1912 1797 Principem

1200 1806 1314 1837 agere,
1327 1802 1359 1829 ec
1373 1807 1475 1837 agere
1486 1808 1520 1829 se
1535 1800 1654 1838 paullo
1676 1800 1788 1831 minu
1806 1808 1911 1840 quan·

1192 1841 1384 1879 privatum,
1407 1841 1444 1871 in
1470 1842 1631 1872 Suetonio
1657 1841 1796 1882 aliisque
1820 1842 1910 1883 lego.

1199 1881 1245 1913 Et
1266 1882 1301 1913 in
1326 1889 1439 1915 nostro
1465 1884 1510 1914 H.
1526 1885 1560 1920 3,
1576 1886 1606 1916 2.
1622 1883 1673 1916 M.
1691 1884 1840 1916 Antonio
1857 1889 1910 1918 ta·-

1199 1934 1276 1956 men
1291 1925 1439 1963 Murem,
1448 1928 1500 1967 cuj
1506 1935 1542 1958 us
1553 1926 1676 1968 scripta
1685 1927 1799 1959 Venus
1812 1926 1910 1961 inhn-

1198 1967 1285 1999 bitat
1301 1969 1426 2010 pariter
1440 1979 1517 2000 cum
1534 1970 1654 2008 Musis,
1666 1969 1847 2010 legendum
1858 1970 1910 2001 vi-

1198 2009 1309 2048 detur,
1321 2013 1402 2042 exul
1415 2013 1531 2052 egerit.
1561 2011 1654 2044 ers.
1700 2012 1842 2044 Gravius
1858 2013 1908 2045 vi-

1195 2051 1263 2084 deri
1282 2058 1391 2095 potest
1408 2056 1502 2086 ulcus
1516 2055 1659 2092 subesse,
1667 2055 1818 2095 quamvis
1830 2064 1909 2097 pcr-

1195 2104 1295 2134 quam
1305 2096 1420 2129 similis
1429 2098 1536 2129 oratio
1545 2098 1589 2129 sit
1598 2100 1633 2135 4,
1643 2098 1699 2130 44.
1713 2097 1770 2129 sed
1779 2097 1908 2130 diversa
1954 2094 1956 2100 '

1196 2147 1258 2169 τες.
1287 2139 1377 2180 Quid
1391 2141 1480 2173 enim
1493 2139 1584 2172 aliud
1595 2146 1647 2171 est
1660 2141 1791 2172 emlen·
1804 2150 1911 2181 agere

1196 2181 1258 2211 nisi
1281 2182 1424 2223 speciem
1447 2193 1504 2215 seu
1532 2191 1707 2224 personam
1729 2181 1835 2214 exulis
1856 2183 1908 2216 'm-

1194 2223 1294 2255 duere
1308 2229 1343 2256 et
1357 2227 1492 2266 gerere?
1525 2228 1574 2259 At
1587 2225 1774 2257 secedentisv
1783 2226 1906 2267 specie,

1196 2275 1264 2297 non
1278 2268 1398 2306 exulis,
1408 2268 1516 2300 Rhodi
1527 2268 1612 2300 vixit
1621 2267 1786 2300 Tiberius.
1815 2268 1906 2310 Quid

1195 2318 1273 2340 vero
1287 2312 1367 2342 exul
1377 2321 1479 2351 agere
1493 2311 1684 2343 nisi‘verum
1701 2310 1838 2342 exilium
1853 2311 1912 2342 in·

1195 2351 1308 2384 dicat?
1341 2354 1404 2387 Cui
1423 2354 1467 2385 rei
1482 2354 1594 2395 ecquis
1609 2354 1754 2385 auctor?
1780 2353 1904 2386 Nullus

1194 2399 1317 2434 praeter
1343 2396 1501 2437 frigidum
1527 2405 1708 2434 rumorem,
1730 2405 1844 2437 quem,
1864 2400 1906 2428 ut

1194 2437 1332 2470 minime
1340 2439 1558 2480 probabilem,
1570 2439 1636 2479 Dio
1646 2441 1700 2476 55,
1713 2443 1745 2474 9.
1755 2439 1907 2471 certiori-
1953 2459 1956 2461 -

1195 2479 1256 2510 bus
1277 2480 1367 2512 illius
1385 2491 1528 2513 secessus
1552 2481 1737 2513 rationibus
1758 2480 1904 2522 subjicit.
1954 2493 1956 2495 ’

1194 2522 1318 2553 Verum
1334 2521 1431 2555 asiam
1448 2535 1485 2555 ae
1501 2525 1663 2556 veriorem
1678 2533 1825 2557 caussam
1842 2534 1904 2555 no-

1195 2571 1247 2596 rat
1261 2567 1397 2598 Tacitus
1412 2579 1440 2599 c.
1457 2570 1506 2599 53.
1552 2567 1604 2599 Ne
1618 2565 1746 2598 multa:
1772 2568 1910 2599 exulem
1950 2600 1956 2614 ³

1194 2607 1359 2650 irrepsisse
1375 2611 1533 2652 putabam
1551 2609 1728 2649 aliquando
1740 2619 1781 2640 ex
1794 2608 1903 2650 glossa

1192 2649 1331 2688 librarii,
1342 2654 1395 2683 cui
1411 2653 1547 2684 verbum
1559 2654 1678 2693 egerit,
1693 2651 1844 2688 absolute
1855 2652 1909 2684 sic*
1948 2667 1956 2692 -Q

1191 2694 1293 2725 toties
1317 2696 1477 2735 positum,
1502 2695 1539 2726 h.
1569 2695 1592 2728 l.
1623 2703 1746 2726 novum
1773 2694 1904 2727 fuisset.
1943 2711 1956 2730 w,

1189 2735 1266 2767 Jam
1282 2743 1476 2777 comparato
1489 2739 1582 2769 Suet.
1592 2737 1668 2769 Tib.
1677 2748 1708 2769 c.
1723 2738 1774 2768 13.
1798 2736 1832 2767 id
1848 2746 1907 2769 me<
1953 2751 1956 2763 =

1191 2779 1334 2810 maxime
1357 2780 1392 2812 in
1413 2781 1501 2811 viam
1526 2780 1679 2818 retrahit,
1701 2778 1789 2820 quod
1810 2779 1907 2811 famu
1943 2803 1956 2819 a

1192 2821 1281 2861 vulg-i
1305 2821 1359 2853 hie
1382 2823 1534 2860 affertur,
1550 2832 1617 2854 non
1636 2821 1806 2854 sententia
1818 2823 1902 2853 scri-
1944 2822 1956 2862 Ἴ

1947 2691 1956 2707 μ

1948 2765 1956 2806 l

1192 2865 1309 2903 pteris.
1333 2865 1381 2896 Ac
1394 2865 1507 2896 forsan
1522 2866 1570 2896 ita
1584 2871 1698 2896 tueare
1710 2865 1901 2904 vulg-atum,
1939 2867 1956 2904 ³⁵1

1193 2913 1231 2937 ut
1248 2907 1361 2939 eodem
1386 2907 1485 2940 inodo
1507 2907 1637 2950 dictum
1658 2908 1716 2947 sit,
1731 2906 1911 2948 quomodo·
1942 2918 1956 2939 r
