1956 3250
602 172 1058 229 PRAEF-ATIO.
1456 173 1528 225 lix

4 322 5 325 ’
80 318 313 372 'finitum
345 315 616 382 legendum
651 312 1051 373 admitterentur,
1073 308 1172 358 hoc
1196 314 1289 367 est,
1316 306 1420 373 jam
1448 307 1533 356 ali-

0 389 6 451 ,Ῐ
69 405 316 469 qnantum
347 394 504 445 literis
537 392 732 442 Latinis
766 390 977 441 emditi:
1015 388 1100 454 qui
1134 403 1253 436 sane
1276 403 1380 436 non
1404 403 1529 452 opus

42 476 261 542 &abent
292 474 473 524 talibus
507 471 658 532 notiS‚
682 469 850 537 quales
872 467 976 518 fere
1001 475 1116 517 sunt
1138 466 1235 526 hae,
1259 467 1323 515 de
1347 465 1529 531 quibus

60 543 311 614 'diximuffi
330 553 451 603 item
481 567 611 618 quae‚
645 551 709 599 ad
744 550 948 598 modum
986 545 1203 597 Minellii
1237 535 1455 611 scriptae,
1478 544 1531 592 in

76 634 173 685 hnc
206 633 330 683 urbe
364 649 408 681 a.
450 637 589 683 1714.
624 628 870 694 prodiere.
941 625 1122 691 Neque
1144 624 1388 673 illustrare
1412 639 1533 688 neg·-

75 713 308 773 leximus,
330 710 417 761 ubi
440 725 517 759 res
539 706 831 774 postularet,
855 721 966 771 quae
991 706 1054 754 ab
1076 704 1183 753 aliis
1207 712 1294 753 aut
1324 702 1532 753 omnino

76 809 200 852 non,
216 786 319 841 'aut
350 806 452 839 non
486 788 603 837 satis
636 786 876 835 illustrata
898 785 1221 843 videbantur3
1260 784 1312 832 in
1336 799 1437 848 quo
1459 790 1532 830 ta·-

4 894 7 899 ’
82 887 196 921 men
229 867 472 919 brevitate
506 866 581 915 usi
616 879 802 924 sumus,
826 872 941 928 apta
965 861 1174 912 consilio
1192 870 1380 910 nostro.
1451 860 1534 911 De

86 948 373 1007 Vexillariisf,
408 960 620 1011 quorum
656 960 786 1010 saepe
821 942 1011 992 mentio
1041 940 1096 990 fit
1119 941 1253 1006 apud
1277 938 1534 999 Tacitum,

79 1027 327 1077 diatriben
361 1026 424 1074 ad
459 1023 648 1073 calcem
682 1021 954 1088 posuimus,
978 1021 1099 1069 item
1123 1021 1187 1068 de
1212 1019 1300 1069 SC.
1327 1035 1418 1083 quo
1451 1020 1537 1068 Ve-

81 1105 301 1170 spasiano
325 1104 587 1168 Imperium
609 1104 770 1150 datum
786 1108 872 1160 est,
891 1107 938 1148 et
953 1101 1056 1163 lege
1079 1099 1258 1162 Regia,
1279 1097 1539 1146 admonitu

0 1212 1 1216 =
82 1184 131 1236 J.
158 1183 232 1232 M.
253 1183 486 1242 Gesneri,
510 1182 575 1231 V.
602 1180 659 1230 C.
685 1181 750 1230 ob
779 1179 1032 1230 raritatem
1067 1178 1305 1228 orationis
1340 1177 1540 1230 Grono-

84 1263 245 1312 vianae
273 1263 337 1311 de
365 1261 505 1326 Lege
530 1260 706 1325 Regia.
776 1258 920 1318 Eam,
938 1258 990 1306 in
1014 1258 1107 1306 hac
1132 1258 1352 1307 secunda
1369 1273 1542 1306 recen-

85 1341 245 1401 sione,
279 1339 448 1399 etiam,
481 1355 572 1405 per
604 1337 919 1388 occasionem
961 1352 1151 1395 eorum,
1193 1352 1305 1401 quae
1349 1335 1543 1385 interea

87 1435 236 1486 super
267 1419 364 1468 hoc
395 1424 721 1467 monumento
743 1416 927 1481 scripta
950 1423 1083 1475 sunt,
1106 1413 1538 1480 locupletavimus.

89 1497 428 1564 Adjunximus
461 1496 611 1546 etiam
645 1496 747 1544 duo
782 1502 1107 1543 monumenta
1133 1493 1338 1557 antiqua
1361 1492 1545 1541 Graeca

87 1592 117 1627 e
139 1574 383 1628 Chishulli
413 1573 787 1639 Antiquitatibus
821 1573 1067 1632 AsiaticiS,
1098 1573 1162 1621 ad
1196 1570 1543 1621 illustrandum

90 1654 257 1705 Taciti
277 1653 445 1704 locum
469 1653 532 1702 de
559 1651 725 1718 Asylis
747 1651 1064 1718 pertinentia.

143 1780 238 1820 Non
253 1780 320 1820 abs
337 1792 381 1819 re
399 1791 553 1832 quoque
569 1780 694 1818 visum
712 1783 785 1824 est,
807 1782 934 1829 partes
953 1778 1138 1830 quasdam
1156 1778 1412 1816 monumenti
1421 1777 1546 1828 Ancy-

90 1847 191 1893 rani,
221 1846 359 1899 quibus
385 1844 556 1897 Augusti
576 1845 675 1895 Imp.
693 1849 806 1896 gesta
837 1843 1098 1888 illustrantur,
1119 1844 1288 1882 maxime
1307 1855 1409 1887 eam,
1430 1854 1548 1894 quam

91 1924 143 1951 ex
157 1911 381 1964 fragmento
398 1911 534 1949 Graece
553 1920 678 1955 versu,
698 1908 882 1948 Pocockii
909 1910 1102 1948 industria
1126 1913 1292 1954 servato,
1314 1908 1371 1945 vir
1385 1907 1552 1945 eximius

94 1978 266 2029 mihique
282 1989 308 2015 a
323 1976 456 2015 multis
473 1981 579 2015 retro
596 1976 708 2014 annis
726 1976 981 2014 amicissimus
1000 1975 1038 2013 S.
1066 1975 1186 2013 Croix
1201 1975 1296 2012 scite
1314 1972 1550 2018 emendavit,

93 2040 344 2094 subjungere.
397 2041 564 2081 laudati
593 2053 747 2093 quoque
775 2042 847 2079 viri
877 2041 1068 2080 beneficio
1097 2039 1411 2079 dissertationem
1433 2038 1482 2076 de
1509 2050 1554 2076 re

97 2106 332 2149 Parthorum
357 2106 512 2157 publioe
536 2106 652 2145 debet
677 2107 815 2151 lector,
837 2106 901 2144 cui
928 2106 1003 2144 hoc
1028 2117 1075 2144 eo
1095 2107 1171 2144 erit
1193 2105 1358 2158 gratius,
1379 2115 1456 2156 quo
1474 2103 1552 2142 fre·

99 2171 280 2225 quentior
290 2170 395 2224 apud
411 2170 592 2211 Tacitum
610 2172 739 2224 gentis
757 2168 843 2220 ejus
862 2170 1011 2211 mentio
1028 2170 1178 2209 incidit.

164 2281 338 2332 Novos
359 2289 619 2348 praeterea,
652 2289 703 2331 et
732 2283 796 2331 ad
828 2298 973 2331 usum
996 2281 1332 2331 studiosorum
1358 2296 1556 2329 accom-

97 2361 399 2428 modatiores
421 2361 614 2411 indices
647 2360 752 2411 fieri
789 2360 1085 2410 curavimus
1155 2360 1287 2409 Nam
1312 2375 1554 2424 magnum

98 2439 237 2489 illum
262 2440 712 2490 Berneccerianum
748 2457 844 2490 nec
879 2441 1078 2500 modus,
1113 2455 1263 2504 quem
1297 2438 1416 2486 huic
1454 2437 1556 2486 edi-

99 2519 224 2569 tioni
249 2526 594 2579 statueramuS,
619 2519 866 2585 capiebat,
890 2535 986 2568 nec
1010 2535 1088 2568 res
1119 2526 1172 2568 et
1199 2517 1328 2566 ratio
1351 2533 1556 2582 magno-

98 2614 218 2666 pere
241 2598 571 2648 desiderabat.
622 2598 843 2658 Etenim,
868 2606 924 2647 ut
947 2598 1161 2657 mittam,
1185 2597 1410 2663 pluribus
1433 2595 1557 2646 locis

100 2692 215 2729 eum
239 2694 347 2728 esse
364 2677 598 2727 vitiosum
622 2680 692 2743 (v.
714 2675 851 2743 praef.
878 2677 958 2726 ed.
984 2675 1209 2725 Gronov.
1235 2674 1382 2736 min.)
1403 2673 1558 2723 multa

100 2772 203 2806 non
227 2756 429 2816 habere,
447 2763 559 2822 quae
578 2772 668 2806 nos
694 2756 746 2804 in
777 2771 839 2805 eo
862 2755 1202 2821 quaesierimus
1224 2774 1237 2816 ;
1275 2754 1559 2803 innumera-

74 2827 220 2887 'bilia
253 2835 478 2896 exhibet,
513 2851 625 2901 quae
659 2851 811 2884 nemo
844 2842 1053 2900 quaerat,
1088 2833 1137 2883 h.
1172 2850 1216 2883 c.
1255 2832 1478 2898 vulgaria
1509 2838 1560 2879 et

103 2913 263 2966 ubivis
287 2914 452 2976 obvia,
477 2929 689 2981 quorum
721 2912 952 2980 exempla
974 2929 1125 2965 nemo
1145 2930 1174 2963 a
1196 2909 1380 2962 Tacito
1403 2917 1558 2976 petat.
