1956 3250
611 138 713 192 PR
724 133 1070 193 AE‘FATIO.
1507 137 1597 185 xxi

123 275 453 326 substitutum
489 281 585 333 est,
607 280 813 322 auctore
851 270 1154 321 Farnesiano
1175 267 1304 324 libro
1327 274 1381 317 et
1402 267 1611 317 Sidonio

131 351 428 418 Apollinari.
500 350 645 400 Idem
669 349 819 399 etiam
855 346 1017 413 reperi
1052 346 1105 395 in
1136 344 1482 411 antiquissima
1509 344 1611 397 edi-

130 428 269 479 tione
291 428 405 479 libri
429 429 494 478 de
518 425 810 485 Germania,
833 426 902 478 de
922 440 1022 490 qua
1043 422 1172 472 infra
1189 422 1448 483 dicemus3
1473 422 1611 473 unde

47 510 52 515 '
131 521 252 555 sane
274 505 574 557 firmamenti
598 503 787 568 aliquid
809 500 1008 556 accedit
1031 499 1283 566 Lipsianae
1306 498 1503 547 rationi.
1549 495 1611 545 In

131 583 212 631 ed.
239 582 502 647 Spirensis,
524 582 579 630 in
602 580 766 646 capite
791 578 1098 636 Germaniae,
1117 584 1169 626 et
1187 575 1470 634 Puteolani,
1496 574 1607 623 MS.

131 658 302 710 Guelf.
349 659 540 709 nullum
595 671 888 723 praenomen
942 670 1231 720 expressum
1278 660 1369 702 est.
1440 652 1608 701 Etiam

128 735 367 787 librorum
393 752 496 785 non
521 735 743 785 eundem
766 746 1030 782 numerum
1054 731 1258 780 codices
1280 729 1495 782 faciunt„
1525 729 1612 779 Vi-

135 814 265 880 ginti
288 813 388 871 alii,
407 812 488 863 alii
513 827 667 862 unum
691 819 744 861 et
765 809 960 875 viginti.
1030 808 1152 859 Vidi
1190 808 1341 857 etiarn
1380 807 1611 857 codicem

138 889 401 942 memorari
455 887 875 947 MontefalconiO,
921 887 1007 952 qui
1053 885 1370 950 undeviginti
1414 893 1612 934 tantum

134 975 433 1019 numeraret.
504 967 692 1018 Caussa
730 965 1029 1017 diversitatis
1066 971 1160 1023 est,
1207 964 1345 1028 quod
1384 960 1614 1012 nonnulli

134 1047 395 1104 librorum,
415 1044 500 1110 qui
523 1059 660 1094 nunc
681 1043 1018 1095 Historiarum
1039 1049 1306 1099 vocantur,
1320 1040 1538 1106 primum
1563 1048 1616 1091 et

133 1124 412 1174 seeundum
468 1122 803 1190 conjungunt,
848 1128 906 1170 ut
958 1118 1419 1183 Guelferbytanus:
1475 1118 1614 1183 quod

133 1208 339 1251 servant
361 1207 413 1250 et
435 1200 551 1249 edd.
578 1198 754 1248 Franc.
796 1196 1077 1255 Puteolani,
1103 1195 1355 1254 Beroaldi,
1380 1194 1617 1245 Frobenii

135 1296 179 1328 a.
212 1283 352 1327 1519.
378 1276 448 1326 ita
470 1284 659 1335 tamen,
675 1283 735 1325 ut
755 1274 937 1324 lacuna
960 1274 1024 1322 sit
1046 1289 1199 1338 parva
1229 1272 1374 1321 initio
1405 1271 1519 1322 libri
1544 1287 1617 1321 se-

134 1354 307 1412 cundi,
332 1361 385 1403 et
405 1354 456 1401 in
480 1353 579 1401 fine
603 1352 970 1418 subscriptum:
1017 1350 1448 1413 septimusdecimus
1470 1356 1519 1397 et
1539 1365 1614 1398 oc-

136 1432 478 1482 tam-§decimus
505 1429 693 1492 confusi
732 1429 873 1477 simul
908 1427 1170 1491 afficiunt
1183 1447 1198 1472 .·
1235 1425 1316 1475 vel
1350 1426 1618 1477 Librorum

133 1510 320 1561 XVII.
345 1524 402 1557 ac
426 1507 649 1557 XVIII.
666 1506 807 1555 sim-ul
818 1505 1126 1568 confusorum
1128 1504 1256 1568 finis
1277 1524 1292 1550 .-
1331 1510 1382 1553 et
1406 1518 1620 1568 sequens

134 1586 260 1638 liber
283 1584 530 1638 XIXmus
560 1584 773 1636 dicatur.
846 1581 927 1631 Ac
961 1581 1170 1631 fortasse
1194 1580 1246 1629 in
1270 1580 1329 1633 iis
1351 1579 1509 1640 libris,
1533 1579 1621 1645 qui

141 1662 288 1713 XIX.
306 1669 499 1712 tantum
524 1660 785 1719 exhibent,
803 1659 1142 1724 fragmentum
1159 1658 1273 1706 libri
1294 1657 1428 1707 Hist.
1455 1655 1620 1722 quinti

137 1739 348 1800 adhaesit
370 1747 570 1804 quarto,
594 1745 681 1787 aut
702 1737 827 1787 alius
849 1736 948 1791 alii.
987 1735 1120 1785 Illud
1139 1743 1307 1785 autem
1330 1735 1448 1786 hinc
1472 1734 1622 1801 plane

139 1805 454 1882 intelligitur,
477 1816 530 1866 in
554 1814 919 1880 antiquioribus
953 1813 1091 1864 libris
1123 1812 1310 1862 nullam
1341 1812 1623 1877 inscriptio·

142 1910 278 1953 nem,
305 1892 467 1943 nullos
508 1908 742 1942 numeros
768 1891 1009 1942 librorum
1045 1890 1217 1949 fuisse,
1240 1897 1299 1939 ut
1320 1889 1373 1939 in
1398 1889 1622 1943 editione

139 1971 220 2023 Jo.
248 1970 506 2039 Spirensis.
578 1969 728 2022 Forte
769 1969 921 2019 etiam
956 1967 1214 2034 probabile
1245 1967 1476 2017 videatur
1499 1983 1623 2019 non·

140 2047 306 2106 nullis,
338 2047 629 2096 discrimina
661 2046 902 2095 librorum
937 2061 1040 2094 non
1072 2060 1179 2094 esse
1213 2061 1243 2092 a
1273 2043 1476 2103 Tacito,
1507 2060 1622 2109 quae

142 2141 238 2175 nec
262 2124 541 2173 necessaria
564 2131 724 2183 erant,
749 2139 864 2174 cum
888 2139 978 2189 per
1002 2138 1158 2172 annos
1193 2121 1399 2170 historia
1427 2121 1625 2187 digesta

141 2209 290 2260 esset,
326 2215 487 2266 eaque
523 2202 651 2252 adeo
686 2200 1042 2250 Grammaticis
1077 2199 1159 2248 vel
1194 2198 1405 2248 librariis
1429 2199 1624 2259 deberi,

143 2286 199 2333 ut
221 2279 271 2328 in
297 2277 403 2327 aliis
428 2278 644 2343 antiquis
679 2277 816 2328 libris
837 2295 850 2326 t
888 2279 952 2327 de
978 2294 1098 2342 qun,
1122 2277 1278 2341 digna
1300 2283 1394 2335 est,
1418 2292 1533 2340 quae
1555 2275 1624 2330 le,

141 2362 293 2420 gatur
346 2353 592 2404 Perizonii
636 2355 785 2420 pra-’fl
829 2356 898 2404 ad
939 2354 1131 2409 AEliani
1188 2354 1234 2403 V
1229 2369 1302 2402 ar.
1350 2354 1623 2403 Historias.

146 2432 382 2497 Denique
417 2430 644 2498 plerique
685 2432 888 2482 codices
928 2439 1126 2483 tantum
1151 2429 1427 2480 Annalium
1452 2438 1505 2481 et
1530 2429 1625 2480 Hi-

144 2508 406 2560 storiarum
429 2507 582 2558 libros
605 2508 866 2569 exhibent,
889 2512 967 2574 (et
991 2510 1043 2557 in
1068 2516 1296 2571 extremo
1319 2507 1443 2556 alius
1474 2508 1626 2559 citius

144 2586 328 2636 desinit
341 2584 464 2647 alio)
479 2585 617 2636 velut
632 2585 971 2645 Florentinus,
982 2585 1248 2644 BudensiS,
1263 2584 1519 2644 Vaticani,
1536 2601 1620 2638 ce-

143 2663 239 2719 teri
255 2664 389 2728 apud
410 2662 865 2714 Montefalconium
885 2672 937 2713 et
954 2662 1397 2728 Guelferbytanus.
1436 2662 1619 2714 Farne-

146 2739 311 2797 siranus
324 2739 546 2789 libellum
563 2741 628 2790 de
646 2740 927 2794 oratoribus
950 2740 1144 2799 habuit,
1161 2742 1296 2791 unde
1316 2740 1357 2789 is
1374 2739 1502 2789 liber
1517 2755 1627 2790 cor-

146 2824 314 2868 rectus
337 2825 412 2868 est
435 2834 465 2866 a
487 2816 676 2883 Lipsio.
728 2818 827 2868 Sed
851 2817 977 2868 illud
1008 2819 1061 2868 in
1092 2818 1266 2884 primis
1292 2817 1505 2882 dignum
1537 2818 1626 2870 ob-

840 2908 924 2956 b3
