1956 3250
679 151 1139 206 PRAEFATIO.
1580 154 1688 203 xliii

208 298 378 342 textus
401 296 508 340 erat
531 286 783 338 Rhenani.
822 286 1022 353 Itaque,
1047 300 1163 336 cum
1188 286 1381 334 dudum
1406 285 1685 349 deprehen-

200 368 406 427 dissem,
439 365 732 424 lectionem,
769 380 919 430 quam
954 363 1063 426 ipse
1097 364 1342 425 vulgatam
1374 371 1544 422 vocat,
1580 381 1683 414 non

201 461 400 509 semper
445 443 732 494 consentire
779 456 896 492 cum
941 440 1166 490 lectione
1213 439 1451 489 editionis
1507 443 1683 504 primae

206 522 460 581 Rhenani‚
480 521 622 587 cujus
642 519 931 583 exemplum
955 519 1007 566 in
1028 517 1258 567 manibus
1278 526 1402 577 erat,
1423 520 1682 581 putabam,

206 602 444 650 secundae
482 598 718 648 Rhenani
751 597 999 647 lectiones
1028 596 1261 661 intelligi.
1333 596 1434 645 Sed
1458 613 1529 646 ea¹
1548 615 1681 647 com-

202 679 424 742 paranda
446 676 621 734 didici,
645 675 698 723 in
722 674 978 723 nonnullis
1001 674 1208 738 quidem
1232 673 1358 723 locis
1381 674 1452 723 ita
1475 691 1602 735 esse,
1627 686 1682 726 ut

201 756 480 819 suspicatus
503 770 658 811 eram,
678 754 767 802 sed
791 752 979 815 plures,
1003 768 1127 816 quas
1150 751 1235 801 ille
1253 751 1483 818 vulgatas
1506 753 1679 804 lectio-

200 851 290 884 nes
314 840 479 891 vocet,
502 847 598 880 nec
622 831 711 890 ibi,
736 846 832 879 nec
858 829 909 878 in
933 828 1035 878 ulla
1058 829 1154 878 alia
1187 831 1524 893 superiorum,
1556 850 1679 897 quas

199 911 454 968 haberem,
470 908 692 972 reperiri.
732 907 883 957 Unde
908 906 1113 970 planum
1133 916 1228 967 est,
1244 924 1359 957 eum
1378 909 1430 956 in
1449 911 1679 960 manibus

198 997 350 1054 atque
375 1003 480 1053 prae
503 986 662 1035 oculis
686 985 916 1036 habuisse
940 984 1218 1035 editionem
1241 985 1459 1050 aliquam
1482 987 1677 1052 ignobi-

194 1067 391 1125 liorem,
413 1065 466 1113 in
499 1081 597 1130 qua
631 1071 843 1129 peccata
878 1065 1116 1112 secundae
1152 1063 1319 1113 Rhen.
1347 1072 1498 1113 aucta
1532 1068 1675 1116 novis

197 1151 382 1202 essent,
406 1158 519 1208 quae
545 1141 628 1191 ille
652 1158 750 1207 pros
767 1140 982 1206 vulgatis
1017 1140 1322 1191 lectionibus
1356 1140 1585 1203 haberet,
1609 1146 1675 1194 de

196 1238 335 1274 more
380 1220 576 1270 scilicet
619 1219 831 1285 vulgari,
867 1235 969 1284 quo
1009 1235 1120 1269 eam
1162 1219 1374 1285 quisque
1415 1220 1672 1286 vulgatam

193 1307 356 1368 putat,
379 1316 529 1365 quam
564 1299 619 1346 in
654 1315 746 1347 suo
774 1297 1009 1363 exemplo
1043 1296 1253 1347 invenit.
1326 1298 1401 1347 Ea
1439 1315 1553 1364 quae
1589 1301 1672 1360 sit,

194 1379 419 1430 nondum
454 1376 597 1442 potui
633 1375 870 1440 reperire.
941 1373 1084 1423 Loca
1107 1374 1316 1439 quidem
1345 1375 1453 1440 ipsa
1481 1378 1672 1436 notavi,

189 1471 405 1521 quorum
435 1453 632 1506 indicio
666 1452 747 1502 alii
784 1459 1026 1517 poterunt
1060 1468 1167 1504 rem
1196 1453 1602 1518 deprehendere,
1626 1455 1669 1505 si

183 1532 278 1598 ,qui
300 1532 430 1581 forte
453 1530 584 1580 illius
609 1530 764 1595 ipsius
790 1530 1027 1578 editionis
1052 1528 1342 1595 exemplum
1375 1530 1596 1582 habeant
1620 1540 1672 1582 et

189 1611 451 1660 attendere
475 1608 647 1658 velint.
720 1607 937 1657 Gratum
973 1607 1096 1656 mihi
1123 1608 1330 1673 quidem
1353 1609 1554 1669 fecerit,
1579 1610 1666 1676 qui

188 1705 297 1738 rem
333 1687 699 1752 deprehensam
746 1686 869 1733 mihi
914 1686 1168 1735 indicarit.
1241 1685 1376 1736 Illud
1413 1687 1565 1736 etiam
1602 1690 1668 1739 de

191 1765 323 1816 notis
371 1765 530 1830 Lipsii
571 1764 758 1812 criticis
799 1780 1007 1812 monere
1044 1763 1261 1814 attinet:
1301 1764 1578 1815 Pichenam
1615 1776 1669 1817 et

188 1843 312 1894 alios
330 1844 584 1892 interdum
604 1857 1001 1890 commemorare
1017 1840 1179 1907 Lipsii
1199 1842 1538 1907 conjecturas,
1554 1861 1668 1910 quae

189 1923 241 1970 in
288 1921 420 1971 notis
467 1936 569 1968 non
615 1917 954 1984 reperiuntur.
1026 1919 1115 1968 Eae
1160 1928 1332 1970 autem
1379 1925 1666 1986 quaerendae

188 2007 305 2049 sunt
345 1999 396 2046 in
438 1997 663 2062 margine
701 1997 1048 2062 exemplorum
1086 1997 1459 2063 Lipsianorum.
1532 1999 1666 2051 Vide

188 2093 232 2126 e.
257 2093 306 2141 g.
332 2078 395 2124 ad
422 2075 487 2124 A.
512 2074 633 2134 XV,
660 2083 737 2123 33.
810 2074 1052 2124 Ceterum
1089 2075 1160 2126 ita
1192 2075 1433 2141 praeclare
1466 2078 1531 2126 de
1569 2077 1665 2128 Ta-

186 2155 292 2205 cito
315 2153 523 2203 meritus
557 2159 635 2202 est
669 2151 892 2218 Lipsius,
917 2161 975 2201 ut
1009 2154 1192 2202 merito
1214 2155 1475 2218 sospitator
1509 2157 1668 2206 Taciti

186 2233 403 2291 dicatur,
428 2230 636 2296 ejusque
668 2230 1060 2279 commentarius
1095 2230 1148 2279 in
1185 2230 1425 2282 Tacitum
1461 2242 1601 2283 recte
1635 2251 1666 2284 a

186 2311 496 2368 BurmannO,
517 2321 572 2374 τῷ
590 2317 703 2371 πάνυ,
721 2308 955 2357 omnibus
980 2309 1164 2358 ceteris
1186 2308 1294 2375 ejus
1317 2309 1475 2369 libris,
1494 2327 1664 2376 quam·

184 2389 258 2437 vis
279 2387 446 2446 bonis,
468 2386 779 2452 praeferatur,
802 2386 855 2433 in
883 2386 1023 2451 praef.
1050 2389 1114 2437 ad
1148 2387 1332 2437 librum
1358 2390 1417 2436 de
1449 2390 1664 2454 Vectiga-

183 2467 304 2515 libus
339 2465 468 2528 Pop.
501 2465 641 2514 Rom.
678 2463 935 2513 Fabricius
972 2464 1023 2512 in
1066 2465 1297 2513 Biblioth.
1333 2467 1412 2515 lat.
1439 2466 1556 2516 Vol,
1588 2468 1660 2518 ΙΙ.

182 2561 233 2611 p.
260 2550 372 2596 754.
398 2541 571 2601 tradit,
595 2541 647 2590 in
678 2540 989 2590 bibliotheca
1014 2541 1227 2590 Senatus
1252 2542 1529 2608 Lipsiensis
1553 2562 1661 2596 esse

185 2621 418 2672 codicem
455 2618 622 2668 Taciti
661 2620 767 2683 (ed.
795 2617 955 2683 Lipsii
993 2635 1036 2667 a.
1070 2619 1239 2681 1585.)
1265 2637 1379 2669 cum
1407 2637 1662 2673 commen-

179 2682 338 2757 taissiis,
360 2698 468 2763 ipsa
503 2695 662 2762 Lipsii
703 2712 874 2755 manu,
898 2696 1086 2746 deinde
1125 2713 1152 2745 a
1190 2697 1270 2746 Fr.
1307 2697 1659 2761 Hotomanno,

183 2775 419 2842 Scipione
457 2773 673 2834 Gentili,
699 2773 860 2822 Mich.
887 2773 1140 2833 Piccarto,
1165 2777 1446 2824 emendatis
1478 2779 1658 2826 auctis-

185 2869 299 2921 que.
338 2853 561 2919 Decepit
579 2852 741 2903 virum
765 2850 1081 2917 praeclarum,
1098 2852 1183 2916 qui
1204 2853 1248 2901 ei
1274 2853 1372 2902 hoc
1397 2856 1654 2918 persuasit,
