1956 3250
572 166 1025 221 PRAEFATIO.
1153 155 1156 159 ’
1435 165 1541 215 lxiii

84 305 303 372 temporis
350 304 476 353 illius
519 304 719 352 auribus
761 302 1166 350 accommodatum.
1237 298 1369 348 Nam
1415 299 1537 348 iliud

81 383 249 450 magni
286 383 500 432 Baconis
523 381 797 432 Verulamii
822 383 907 448 (de
929 380 1109 445 Augm.
1141 378 1314 429 Scient.
1348 376 1408 426 L.
1444 377 1537 427 VI.

34 499 35 503 ,
76 470 208 515 extr.
244 479 293 528 p.
331 479 396 510 m.
446 469 551 509 182.
559 460 580 523 )
627 461 689 510 ad
737 459 964 526 injuriam
1010 457 1295 508 faciundam
1344 456 1538 505 dictum

24 565 66 608 μν
78 541 387 599 existiment,
425 541 488 589 de
534 539 647 588 stilo
683 538 829 587 Plinii
864 547 917 588 et
952 535 1134 587 Taciti.
1205 536 1539 588 Mediocribus

78 620 283 684 ingeniis
301 626 475 684 gratus
496 634 594 667 esse
616 619 744 666 solet.
747 617 1127 667 -Imitatorem
1150 614 1366 665 Sallustii
1384 614 1537 681 vulgo

82 697 318 748 Tacitum
342 705 538 747 vocant.
610 696 658 745 Si
683 699 747 746 de
772 697 934 745 verbis
957 695 1277 761 intelligunt3
1326 711 1429 743 non
1450 695 1538 742 mi-

81 795 173 828 nus
208 794 336 844 saepe
371 775 637 841 Virgilium
674 784 726 825 et
759 774 958 824 Livium
981 774 1221 834 imitatur,
1245 782 1301 823 ut
1323 774 1375 822 in
1400 775 1533 824 notis

81 856 259 923 passim
282 854 518 914 indicavi,
541 854 627 903 ubi
651 853 852 919 quidem
876 853 1016 903 locus
1040 853 1146 919 ipse
1171 852 1411 919 cujusque
1441 861 1535 904 sta-

80 935 170 986 tim
201 934 525 994 occurrebat;
564 932 696 982 haud
725 932 895 999 paulio
935 933 1114 998 saepius
1142 932 1468 992 indicaturus,
1493 933 1533 982 si

81 1030 182 1062 non
209 1013 429 1062 laborem
466 1012 742 1077 quaerendi,
778 1027 894 1061 cum
920 1028 1159 1062 numeros
1191 1012 1430 1062 librorum
1455 1028 1534 1061 ca-

79 1093 338 1159 pitumque
356 1108 454 1140 non
480 1091 732 1154 tenebam,
748 1090 1002 1158 fugissem.

147 1171 245 1221 Sed
263 1171 378 1220 satis
401 1171 489 1219 diu
510 1169 723 1225 lectores
745 1169 900 1220 tenui.
957 1168 1134 1235 Itaque
1158 1168 1307 1223 finem
1331 1169 1530 1230 faciam,

74 1252 167 1301 sed
200 1244 470 1308 lectoribus
503 1248 674 1315 peritis
708 1249 882 1298 harum
916 1265 1081 1305 rerum
1113 1248 1366 1317 rogandiS,
1390 1256 1465 1308 ut,
1489 1249 1529 1297 si

83 1345 183 1394 qua
203 1330 255 1377 in
279 1345 332 1379 re
357 1346 386 1378 a
406 1328 551 1378 nobis
578 1334 796 1376 erratum
826 1326 1120 1393 repererint,
1144 1328 1281 1391 quod
1303 1342 1405 1376 non
1429 1343 1533 1376 uno

81 1407 196 1457 loco
218 1425 282 1458 ne
303 1407 489 1456 facturn
514 1406 577 1454 sit
599 1422 846 1465 veremur,
869 1413 955 1454 aut
976 1405 1238 1471 ignoscere
1258 1406 1422 1465 nobis,
1446 1414 1534 1455 aut

82 1486 134 1534 in
169 1486 296 1534 viam
328 1502 417 1534 nos
447 1479 688 1535 reducere
711 1484 869 1546 velint
889 1501 900 1532 ε
939 1485 1027 1533 sed
1050 1483 1137 1543 ita,
1156 1492 1213 1533 ut
1236 1500 1326 1532 nos
1350 1485 1402 1533 in
1427 1483 1534 1537 aliis

80 1565 305 1624 fecimUS‚
339 1563 437 1613 hoc
472 1571 565 1623 est,
600 1563 877 1612 secundum
914 1560 1201 1611 Ennianum
1228 1561 1385 1611 illud:
1436 1564 1535 1612 Er-

80 1644 208 1693 ranti
243 1644 435 1692 comiter
468 1649 700 1698 monstrat
715 1643 854 1690 viam.
927 1641 1109 1707 Scripsi
1135 1640 1338 1708 Lipsiae,
1363 1659 1533 1694 mense

86 1721 225 1772 Maio
250 1722 313 1771 A.
336 1722 393 1771 C.
421 1737 787 1771 cmmccmzxn.

136 1812 329 1865 Equidem
350 1814 390 1851 in
409 1812 578 1851 curanda
604 1813 676 1850 hac
703 1812 887 1859 editione,
908 1815 1051 1863 praeter
1077 1811 1182 1850 varia
1206 1810 1413 1850 doctorum
1437 1811 1539 1851 viro·-

81 1891 170 1918 rum
199 1879 413 1924 observata,
445 1879 537 1917 Joh.
574 1877 679 1916 Frid.
713 1877 869 1922 Hilieri,
902 1876 1017 1930 Eioq.
1054 1877 1097 1916 P.
1127 1877 1169 1915 P.
1199 1877 1540 1929 Wittebergensis,

71 1946 345 1982 raoemationes
362 1944 451 1981 inde
476 1943 525 1981 ab
545 1955 578 1981 a.
603 1947 716 1986 1777.
737 1944 937 1981 occasione
961 1948 1312 1994 programmatum,
1332 1943 1473 1994 quibus
1491 1942 1541 1981 ad

83 2010 289 2047 Orationes
314 2009 560 2047 Academicas
584 2013 624 2045 et
641 2008 717 2046 alia
734 2008 924 2046 solemnia
941 2008 1143 2053 invitabat,
1165 2007 1336 2053 emissas,
1356 2009 1398 2046 in
1424 2019 1542 2047 usum

85 2075 197 2113 traxi.
235 2074 364 2115 Quam
388 2074 465 2122 sint
489 2073 662 2125 egregia,
679 2072 819 2124 quibus
839 2072 959 2110 celeb.
978 2072 1150 2111 Thomas
1168 2071 1435 2122 Wopkensius
1452 2073 1543 2111 iuu-

83 2138 260 2178 straverit
272 2136 462 2179 Tacitum,
482 2150 530 2176 ex
549 2138 593 2175 iis
604 2135 780 2185 judicare
799 2138 924 2182 licuit,
940 2149 1025 2189 quae
1050 2137 1109 2175 (Π.
1134 2136 1303 2175 Wolfius
1323 2138 1365 2176 in
1379 2138 1481 2175 notis
1494 2137 1544 2176 ad

83 2203 229 2253 primos
243 2203 465 2240 Annalium
492 2202 668 2253 protuiit.
718 2202 844 2254 AEgre
861 2203 935 2241 iuis
953 2203 1074 2241 carui.
1128 2201 1249 2241 Dabit
1275 2214 1348 2241 suo
1364 2209 1544 2253 tempore

83 2268 141 2306 vir
153 2269 330 2313 eximius,
349 2268 399 2306 ad
410 2279 527 2319 quem
546 2278 767 2318 pervenere.
812 2269 996 2306 Ceterum
1017 2269 1090 2306 hoc
1108 2269 1174 2320 egi
1190 2267 1341 2315 sedulo,
1361 2273 1408 2307 ut
1424 2281 1545 2322 quam

9 2386 12 2392 .
82 2332 394 2373 emendatissime
413 2333 586 2384 prodiret
606 2344 713 2384 opus,

151 2406 383 2474 Sequitur
423 2409 576 2458 index
618 2409 897 2459 editionum
939 2407 1124 2469 Taciti,
1160 2425 1272 2474 quae
1312 2407 1545 2466 Ernestio

83 2484 224 2536 fuere
247 2487 312 2535 ad
336 2503 528 2536 manus.

166 2581 199 2616 1.
233 2577 295 2617 Jo.
322 2578 506 2628 Spirensis
524 2577 550 2616 f.

156 2648 192 2682 2.
227 2643 355 2682 Franc.
375 2644 575 2681 Puteolani
592 2642 803 2681 Mediolan.
826 2643 854 2680 f.

162 2710 201 2746 3.
232 2707 291 2746 Jo.
319 2707 422 2745 Rivzz
441 2706 576 2745 venet.
601 2721 635 2746 a.
663 2711 774 2746 1512.
801 2707 828 2745 f.

162 2777 200 2810 4.
236 2772 337 2811 Phil.
358 2773 535 2810 Beroaldi
559 2772 675 2810 Rom.
695 2786 728 2811 a.
752 2775 865 2810 1515.
885 2771 912 2808 f.

162 2839 203 2875 5.
233 2836 463 2876 Basileensis
483 2838 609 2887 prima
625 2850 715 2875 cum
734 2836 828 2874 Obs.
852 2836 992 2874 Alciati
1011 2849 1044 2874 a.
1069 2839 1182 2875 1519.
1201 2834 1233 2874 f.

165 2902 203 2940 6.
231 2900 460 2940 Basileensis
477 2902 659 2948 secunda,
682 2902 855 2940 Rhenani
873 2902 1001 2952 prima
1018 2913 1053 2939 a.
1075 2904 1189 2940 1519.
1205 2899 1234 2939 f.
