1924 3236
364 155 443 191 342
909 148 994 190 AN
1006 149 1047 188 N
1061 149 1169 189 Am
1185 150 1221 190 u
1232 150 1279 189 Μ

257 266 297 299 Α.
313 264 356 297 U.
369 264 444 292 seu
474 254 778 307 composuerat
806 249 1007 306 quaedam
1039 249 1084 291 in
1116 249 1170 291 C.
1199 248 1433 303 Caesarem,
1455 255 1504 292 ut
1533 250 1808 308 inpudicum,

269 311 343 342 78⁵·
370 309 459 351 sive
482 307 586 350 ficto
608 307 758 350 habita
775 307 897 349 fides.
919 315 1049 362 atque
1071 306 1129 348 ob
1146 306 1188 348 id
1219 307 1423 349 convictu
1459 307 1675 366 Principis
1705 323 1811 367 pro-¹

258 352 356 426 A3’2C’
369 366 550 418 hibitus,
563 380 661 408 cum
678 364 798 407 senili
820 378 948 405 manu
965 363 1126 405 ferrum
1146 364 1413 417 tentavisset,
1425 365 1638 424 obligavit
1653 380 1807 412 venas:

326 415 334 425 ⁶
368 434 654 481 precatusque
681 436 756 479 per
776 420 1015 474 codicillos,
1037 420 1180 463 inmiti
1212 421 1436 478 rescripto,
1459 437 1587 464 venas
1617 424 1809 470 resolvit.

366 480 619 524 Acervatim
651 495 705 520 ex
736 493 790 521 eo
820 477 992 521 Annius
1035 478 1192 531 Pollio,
1223 478 1393 536 Appius
1426 478 1611 532 Silanus,
1643 481 1808 526 Scauro

368 538 597 581 Mamerco
620 536 747 578 simul
768 550 818 578 ac
841 536 1004 579 Sabino
1030 536 1238 589 Calvisio,
1261 536 1499 592 majestatis
1522 537 1810 594 postulantur,

367 605 414 638 et
442 595 697 637 Vinicianus
737 591 925 636 Pollioni
965 594 1076 651 patri
1110 593 1412 651 adjiciebatur,
1443 594 1547 636 clari
1582 609 1733 652 genus,
1764 608 1810 640 et
1921 648 1924 651 Δ

368 654 546 710 quidam
566 651 745 693 summis
768 651 1020 693 honoribus.
1042 660 1479 708 contremuerantque
1502 651 1674 696 Patres:
1706 668 1809 703 narn
1908 653 1924 705 fi}

368 719 528 766 quotus
551 709 733 766 quisque
754 709 994 751 adfinitatis
1013 719 1088 751 aut
1110 709 1317 751 amicitiae
1343 718 1410 751 tot
1426 709 1671 752 inlustrium
1695 711 1809 754 viro·
1919 709 1924 729 ³

368 782 465 809 rum
486 781 642 823 expers
664 769 783 809 erat?
808 767 850 808 ni
875 766 1043 818 Celsus,
1056 767 1233 809 urbanae
1253 767 1445 810 cohortis
1469 765 1703 820 Tribunus,
1717 778 1810 812 tum

370 826 484 866 inter
514 824 693 876 indices,
717 823 914 881 Appium
943 834 987 867 et
1021 824 1259 867 Calvisium
1291 824 1530 867 discrimini
1561 825 1810 870 exemisset.

372 881 522 924 Caesar
554 881 764 923 Pollionis
794 896 846 923 ac
876 881 1096 924 Viniciani
1128 882 1365 938 Scaurique
1394 895 1605 934 caussam,
1627 892 1676 925 ut
1717 883 1811 942 ipse

371 954 472 982 cum
495 939 657 981 Senatu
681 949 892 991 nosceret,
915 940 1098 991 distulit,
1118 940 1231 981 datis
1252 939 1510 995 quibusdam
1532 939 1575 981 in
1598 940 1811 985 Scaurum

307 997 569 1043 lOtristibus
590 997 718 1038 notis.
780 996 850 1038 Ne
871 996 1048 1039 feminae
1077 996 1254 1052 quidem
1284 1005 1478 1038 exsortes
1510 996 1704 1052 periculi.
1725 1014 1814 1055 qua

372 1054 640 1112 occupandae
664 1052 871 1110 Reipubl.
893 1054 1017 1111 argui
1040 1068 1128 1096 non
1149 1062 1362 1111 poterant,
1383 1053 1433 1095 ob
1467 1052 1656 1095 lacrimas
1670 1100 1672 1105 .
1687 1055 1811 1098 ineu-

371 1113 602 1155 sabantur:
635 1121 874 1167 necataque
904 1122 968 1154 est
1000 1126 1107 1154 anus
1136 1111 1271 1163 Vitia,
1304 1110 1415 1153 Fufii
1451 1110 1629 1153 Gemini
1659 1123 1812 1166 mater,

370 1170 489 1227 quod
513 1169 589 1211 filii
613 1183 759 1210 necem
785 1169 989 1211 flevisset.
1054 1169 1167 1212 Haec
1188 1169 1304 1226 apud
1334 1168 1557 1210 Senatum.
1580 1183 1659 1210 nec
1691 1183 1815 1213 secus

371 1227 489 1285 apud
524 1226 776 1284 Principem
797 1226 1072 1269 Vescularius
1093 1226 1268 1269 Atticus
1295 1242 1345 1269 ac
1363 1226 1505 1268 Julius
1528 1225 1726 1274 Marinus
1758 1223 1811 1270 aii

371 1293 558 1328 mortem
579 1296 783 1341 aguntur,
804 1299 828 1326 e
851 1284 1154 1326 vetustissimis
1191 1283 1468 1326 familiarium
1508 1279 1713 1328 Rhodum
1745 1299 1813 1326 se-

372 1343 480 1396 cuti,
497 1351 541 1384 et
558 1342 673 1400 apud
697 1341 888 1399 Capreas
908 1342 1140 1385 individui.
1198 1341 1473 1384 Vescularius
1495 1340 1746 1385 insidiarum
1770 1342 1812 1384 in

1916 626 1924 637 ὲ
1905 462 1924 620 ...aa-..vr
1900 364 1924 454 traw-
1904 230 1924 355 aywv
1913 208 1924 220 Α.
1918 143 1920 145 v

372 1468 533 1501 Arrianus
547 1467 700 1500 describit
716 1466 804 1500 Diss.
818 1470 850 1506 4,
867 1470 900 1499 5.
914 1469 941 1500 οἱ
958 1468 1007 1500 ἐπὶ
1022 1468 1076 1500 τοῦ

374 1511 505 1545 κοιτῧνος
517 1511 569 1542 καὶ
578 1511 604 1541 01'
612 1510 818 1546 ἀποκλείοντες
830 1511 894 1546 τοὺς
905 1512 1068 1554 tiendus-as.)

374 1559 409 1585 et
424 1554 566 1584 officium
582 1553 792 1585 admittendi.
827 1553 1072 1587 Admissionum

374 1598 447 1636 ejus
462 1596 654 1627 facilitatem
679 1597 713 1627 in
726 1596 863 1636 Traiani
884 1596 1073 1629 laudatione

372 1638 503 1671 Plinius
517 1638 701 1670 admiratur
713 1649 742 1670 c.
757 1641 798 1673 47
802 1661 810 1670 .
850 1638 1073 1672 Alexandrum

373 1682 468 1722 quasi
477 1691 583 1712 unum
593 1691 610 1711 e
623 1680 844 1718 Senatoribus‚
852 1686 984 1721 patente
994 1685 1075 1721 veto,

375 1724 656 1755 admissionalibus
668 1724 809 1760 remotis,
818 1725 1000 1755 salutatum
1014 1735 1079 1756 esse

376 1765 586 1806 Lampridius
608 1766 724 1797 scribit
745 1777 774 1797 c.
795 1769 828 1797 4.
851 1770 884 1797 et
909 1767 1079 1799 Accoleius

377 1810 537 1848 ”ragis-ter
560 1809 793 1839 admissionum
823 1810 1016 1841 nominatur
1042 1810 1077 1841 in

378 1852 482 1883 Flavii
512 1850 690 1882 Aureliano
717 1862 744 1883 c.
776 1853 824 1882 12.
881 1851 919 1882 Id
956 1862 1077 1883 munus

377 1894 444 1925 fuit
458 1893 664 1928 libertorum,
674 1897 712 1923 ut
730 1893 856 1924 clarum
872 1904 912 1924 ex
927 1894 1077 1925 Suetonii

378 1936 512 1977 VespaS.
528 1938 578 1966 14.
623 1935 770 1976 Quidam
785 1944 825 1965 ex
836 1934 939 1976 officio
959 1937 1078 1967 admis-

376 1979 488 2015 sionis,
511 1977 613 2008 simul
638 1979 811 2018 expertem,
833 1978 923 2008 abire
951 1978 1079 2010 AIorbo-

377 2022 473 2052 niam
477 2018 638 2061 jusserat.
682 2019 756 2050 Fuit
772 2024 885 2051 autem
900 2020 926 2051 is
942 2020 1079 2054 libertus

378 2063 533 2094 Phoebus.
578 2062 702 2093 Plinius
730 2062 792 2092 hoc
821 2062 905 2093 idem
933 2063 1079 2096 ostendit

378 2105 454 2136 loco
477 2114 543 2135 non
566 2114 659 2142 sano,
683 2107 736 2141 33,
763 2106 809 2135 12.
855 2104 934 2136 Fuit
954 2110 987 2137 et
1008 2108 1079 2138 alia

383 2147 516 2179 &audii
527 2148 717 2188 principata
733 2144 935 2187 dffirenfia,
950 2148 986 2179 in
1006 2150 1082 2180 solis

379 2191 442 2227 his,
473 2190 588 2230 quibus
613 2190 839 2220 admissionem
869 2190 978 2221 liberti
1011 2190 1082 2232 ejus

378 2233 551 2269 dedissent,
561 2232 742 2272 imaginem
756 2230 926 2272 Principis
936 2233 972 2263 in
981 2236 1082 2265 anulo

379 2285 421 2306 ex
449 2284 532 2306 auro
558 2274 709 2314 gerendi,
739 2283 866 2313 magna
902 2276 1081 2307 criminum

381 2318 552 2348 occasione.
567 2326 637 2357 quoe
652 2317 762 2347 omnia
777 2318 938 2348 salutaris
951 2323 1083 2350 exortus

382 2359 578 2398 Vespasiani
617 2360 699 2399 Imp.
735 2359 883 2395 abolevit.
912 2362 1083 2400 (equaliter

375 2402 577 2442 publicando
600 2401 804 2441 Principem.
820 2411 917 2441 quern
941 2404 1082 2443 corrigo,

380 2445 496 2484 quibus
517 2444 752 2475 admissionum
775 2444 882 2475 Hberei
893 2443 957 2485 jus
978 2445 1082 2476 dedis-

379 2490 461 2517 sent.
494 2485 591 2525 Quod
605 2486 665 2523 ait,
683 2486 859 2517 criminum
876 2487 1082 2520 occasionem

379 2527 492 2564 fuisse,
516 2529 601 2559 refer
629 2527 671 2559 ad
699 2537 751 2565 ea,
776 2538 850 2568 qum
872 2529 911 2559 de
940 2529 1082 2570 imagine

379 2569 541 2610 Principis
563 2570 652 2601 dieta
676 2569 755 2601 mihi
778 2569 819 2601 ad
832 2573 867 2609 3,
885 2571 937 2602 36.
953 2576 989 2602 et
1008 2581 1083 2612 quae

379 2612 502 2643 Seneca
533 2611 573 2642 de
595 2613 711 2644 Benef.
734 2615 767 2650 3,
792 2614 844 2644 26.
881 2613 976 2645 ers.
999 2614 1082 2646 adde

378 2653 516 2687 Excurs.
536 2656 584 2685 15.
601 2653 642 2685 ad
657 2655 748 2685 Suet.
793 2655 880 2687 Eun.

421 2696 660 2737 Precatusque]
689 2696 802 2727 Heius.
818 2698 1080 2739 deprecatusque.

420 2738 551 2770 Annius
573 2738 695 2778 Pollio]
721 2739 781 2770 Est
803 2739 872 2777 ille,
887 2741 942 2780 qui
966 2746 1081 2780 postea

377 2781 414 2812 in
426 2779 594 2817 Neronem
607 2781 805 2820 autumavit,
816 2782 999 2813 amicorum
1009 2783 1037 2823 ej
1043 2792 1080 2814 us

378 2823 574 2865 praeeipuus.
595 2826 644 2861 15,
661 2824 715 2855 56.
758 2823 853 2855 Lm.

423 2864 629 2906 Vt'oiniamcs]
661 2865 764 2905 Lego,
789 2864 994 2898 Vmioianm.
1017 2876 1077 2897 au-

377 2910 469 2941 etore
485 2908 593 2941 Dione
608 2908 662 2948 60,
680 2911 728 2941 15.
742 2908 798 2950 qui
825 2908 914 2941 hune
930 2908 1077 2942 Annium

1114 1467 1326 1499 Vinicianum
1357 1464 1544 1509 conjurasse
1572 1467 1608 1499 in
1637 1461 1815 1502 Claudium

1114 1520 1189 1541 cum
1220 1511 1434 1542 Scriboniano
1460 1510 1591 1542 adserit.
1627 1511 1719 1542 ers.
1762 1512 1818 1543 Sic

1114 1557 1150 1583 et
1171 1552 1243 1584 MS.
1288 1553 1347 1583 Est
1370 1562 1448 1592 ergo
1471 1553 1506 1584 in
1533 1552 1681 1584 Beroaldi
1696 1553 1748 1585 ed.
1764 1563 1816 1585 er-

1116 1604 1172 1626 ror
1186 1594 1237 1626 vel
1255 1595 1434 1636 scriptoris.
1449 1595 1499 1627 vel
1516 1605 1702 1636 operarum,
1717 1605 1816 1635 quem

1115 1635 1264 1668 Alciatus
1278 1642 1312 1668 et
1328 1638 1428 1668 ceteri
1443 1638 1547 1669 secuti
1562 1643 1651 1669 sunt.
1694 1636 1783 1674 ERN.

1162 1680 1334 1720 Nost-eret]
1361 1680 1424 1710 Pro
1446 1685 1669 1721 cognosceret.
1713 1679 1753 1711 V.
1775 1678 1818 1711 ad

1119 1733 1149 1753 c.
1168 1725 1219 1753 12.
1237 1722 1278 1753 cf.
1296 1732 1393 1763 supra
1410 1722 1450 1753 ad
1465 1726 1497 1760 3,
1515 1724 1568 1754 35.
1613 1721 1699 1754 ERN.

1162 1765 1241 1806 ‚Qua
1253 1764 1447 1806 occupanda
1455 1764 1568 1806 Rem]
1584 1764 1736 1796 Muretus
1746 1773 1819 1796 cor-

1121 1807 1199 1846 rigit
1233 1808 1323 1847 quia.
1382 1807 1526 1838 Pichena
1562 1806 1689 1848 probat.
1718 1812 1818 1838 recte.

1121 1849 1264 1880 Huetius
1289 1858 1374 1880 corr.
1397 1858 1476 1889 quoe.
1516 1849 1602 1880 Erus.
1644 1849 1726 1891 ‚Qua
1759 1857 1818 1890 pro

1119 1895 1294 1932 quatenus,
1313 1891 1479 1922 Heinsius.
1525 1891 1668 1924 Pichena
1689 1900 1820 1932 quoque

1121 1933 1156 1964 «τὸ
1171 1943 1236 1973 qua
1253 1943 1320 1964 non
1335 1934 1512 1974 improbat.

1165 1976 1212 2006 Ob
1246 1976 1403 2007 lacrimas
1437 1973 1689 2015 incusabantur]
1730 1975 1820 2012 Heu,

1121 2019 1240 2049 misera
1255 2017 1401 2049 conditio
1416 2018 1476 2048 sub
1491 2017 1640 2059 tyrannis
1653 2029 1660 2047 :
1682 2017 1738 2048 ubi
1758 2027 1819 2051 nec

1120 2060 1213 2097 liber,
1225 2060 1407 2091 liberrimus
1416 2060 1593 2092 affectuum
1603 2059 1707 2091 dolor.
1721 2059 1821 2092 Clau-

1120 2102 1236 2134 dianus
1265 2102 1326 2134 hoc
1347 2102 1484 2143 pulchre
1503 2102 1658 2142 exprimit
1684 2102 1719 2133 in
1742 2102 1821 2135 Ruf.

1128 2148 1156 2183 1,
1172 2148 1245 2181 259.
1263 2146 1460 2186 —tacitz’que
1481 2147 1619 2186 scymnus
1641 2143 1822 2186 Suspirant

1122 2189 1276 2228 gemitus,
1291 2188 1524 2228 indignarique
1538 2191 1704 2218 verentur.
1728 2186 1833 2221 L1Ps.‘

1166 2231 1259 2272 Fufii
1277 2230 1421 2270 Gemini]
1439 2230 1504 2271 Qui
1517 2234 1595 2262 ante
1607 2227 1733 2262 Consul
1747 2231 1779 2267 5,
1793 2233 1824 2269 l,

1124 2272 1378 2346 2'141322322rius
1388 2313 1534 2353 Atticus]
1551 2314 1604 2345 Sic
1619 2313 1691 2346 MS.
1700 2316 1735 2344 et
1748 2311 1822 2347 edd.

1123 2362 1206 2389 vett.
1236 2357 1385 2395 Flaccus,
1408 2357 1494 2397 quod
1519 2362 1571 2387 est
1601 2357 1634 2388 in
1656 2355 1707 2387 ed.
1729 2355 1764 2387 J.
1787 2354 1824 2387 F.

1125 2400 1296 2436 Gronovii,
1310 2405 1360 2431 est
1374 2410 1412 2431 cx
1428 2400 1632 2430 correctione
1658 2397 1825 2435 Pidrenae,

1125 2443 1200 2482 quia
1217 2446 1249 2480 2,
1266 2444 1319 2474 28.
1337 2442 1385 2473 bis
1402 2441 1536 2473 Flaccus
1550 2441 1685 2473 dicitur.
1709 2439 1826 2471 Potuit

1124 2483 1245 2525 duplex
1267 2493 1451 2526 cognomen
1479 2483 1611 2521 habere,
1633 2486 1674 2514 ut
1696 2481 1826 2514 videtur
1888 2491 1895 2520 ῃ

1125 2527 1263 2567 Ryckio.
1276 2537 1336 2558 nec
1352 2527 1384 2558 id
1399 2536 1510 2558 rarum
1528 2525 1592 2557 illis
1607 2522 1825 2565 temporibus.

1124 2568 1212 2601 Em«.
1257 2569 1443 2602 Grosrotius
1465 2568 1498 2598 in
1522 2567 1777 2610 synam-mx.
1796 2568 1825 2600 1.
1885 2553 1913 2612 ἒξ

1125 2621 1158 2652 p.
1174 2614 1248 2646 349.
1264 2616 1373 2652 putat,
1397 2610 1430 2642 id
1453 2619 1636 2650 cognomen
1659 2608 1761 2640 Anici
1784 2618 1824 2638 ex

1123 2654 1289 2693 sequentis
1321 2654 1427 2685 Οιινείἰ
1449 2653 1645 2690 cognomine
1666 2650 1733 2682 huc
1754 2655 1831 2681 trai
1884 2654 1898 2665 ²·

1123 2702 1227 2733 ctum,
1241 2700 1276 2727 et
1291 2700 1350 2728 aut
1367 2694 1541 2727 delendum
1555 2698 1615 2726 aut
1630 2694 1666 2724 in
1681 2692 1827 2725 Flaccus

1122 2748 1192 2769 esse
1209 2738 1417 2770 mutandum.

1164 2780 1319 2812 Rhodam
1354 2777 1470 2818 secuti]
1518 2777 1635 2808 Forte:

1120 2821 1509 2865 stim-imissamiliarium
1528 2819 1683 2853 Rhodum
1695 2820 1825 2852 secutis.

1121 2865 1234 2899 Grion.

1679 2787 1698 2808 e
1731 2780 1825 2808 vetu-

1883 2623 1911 2670 εὶ)

1887 2667 1905 2687 ³

1886 2710 1904 2740 ,ᾖν
