1956 3250
630 149 1089 203 PRAEFATIO.
1496 147 1636 197 xxvii

158 279 297 346 facit,
321 283 414 336 etsi
449 279 650 335 easdem
669 279 929 333 'lectiones
962 281 1146 331 habet:
1169 275 1343 345 '‘'quod‚
1384 294 1487 326 non
1530 294 1634 328 cre-

73 345 76 348 ,
155 359 311 413 dibile
346 369 441 420 est,
487 358 737 409 facturum
759 359 930 417 fiiisse,
965 357 1060 406 nisi
1097 373 1221 406 eum·
1251 360 1491 419 excerpta
1525 361 1633 402 tan-

156 447 266 489 tum
290 455 355 489 ex
378 446 594 502 utroque
624 437 755 486 libro
783 435 1016 484 habuisse
1046 434 1292 491 dicamuS,
1317 440 1369 480 et
1407 431 1468 478 iis
1506 429 1632 478 locis

152 514 284 564 «nihil
325 531 353 564 e
388 513 640 563 Vaticano
679 519 909 561 notatum
948 510 1118 560 fuisse.
1190 508 1274 556 Ac
1309 509 1373 556 de
1406 506 1631 555 editione

157 591 407 650 Romana,
435 590 583 639 facile
623 590 829 638 credam*
865 588 936 636 ita
975 603 1102 646 esse,
1130 583 1369 635 inductus
1413 584 1492 641 iis,
1517 598 1630 647 quae

151 676 268 734 post
292 668 476 726 dicam,
499 667 586 715 ubi
611 667 675 715 de
699 665 1006 715 editionibus
1030 662 1280 729 Lipsianis
1304 677 1468 711 sermo
1491 660 1630 709 insti-

153 753 359 795 tuetur:
396 760 499 793 non
530 743 605 793 de·
628 743 806 791 codice
829 741 1276 805 Vaticano,'quem
1312 740 1375 788 ab
1410 738 1521 803 ipso
1555 737 1628 785 in-

153 818 382 887 spectum
399 828 458 876 *et
481 836 597 868 cum
623 819 770 869 editis
793 818 1031 868 collatum
1057 834 1164 867 esse
1187 824 1327 882 patet
1343 832 1407 864 ex
1431 814 1625 864 Mureti

152 897 273 946 Var.
301 897 445 946 Lect.
467 897 565 957 XI,
591 906 631 945 1.
660 912 662 914 ’
687 895 883 955 Paucis,
900 894 1038 960 quod
1062 895 1244 953 sentin,
1263 894 1444 943 dicam.
1493 892 1626 942 Cum

147 974 210 1022 in·
228 973 527 1038 quibusdam
552 990 666 1023 cum
682 973 952 1032 Vaticano,
975 973 1028 1020 in
1053 972 1350 1037 quibusdam
1372 986 1488 1019 cum
1513 969 1624 1018 Flo-

150 1052 353 1101 rentino
388 1052 689 1110 consentiat,
728 1051 797 1099 in'
827 1050 935 1099 aliis
980 1051 1043 1099 ab
1088 1058 1305 1114 utroque
1341 1048 1624 1106 dissentiat,

147 1129 433 1193 habeatque
453 1130 682 1193 quaedam
706 1130 840 1177 bona
861 1127 1081 1193 propria,
1100 1135 1158 1188 ut
1180 1143 1208 1176 e
1232 1125 1386 1185 notis,
1404 1125 1624 1173 maxime

148 1206 349 1265 nostriS,
367 1206 644 1270 apparebit,
663 1222 759 1255 nec
781 1214 952 1254 tamen
977 1203 1218 1254 credibile
1243 1204 1324 1262 sit,
1343 1220 1371 1252 e
1394 1202 1623 1268 pluribus

147 1283 411 1346 codicibus
434 1283 566 1331 inter
589 1298 640 1331 se
659 1282 852 1331 collatis
872 1282 1062 1331 editum
1085 1281 1268 1331 librum
1292 1281 1461 1340 istum,
1481 1279 1621 1345 quod

147 1359 200 1407 in
225 1360 330 1414 istis
353 1360 638 1424 primordiis
662 1359 780 1407 artis
804 1358 1183 1424 typographicae
1202 1358 1288 1406 vix
1310 1357 1500 1408 factum
1524 1365 1620 1416 est,

147 1432 325 1485 sed-'ex
347 1435 450 1484 uno
475 1451 636 1500 eoque
661 1437 868 1500 antiquo
891 1443 1060 1485 textus
1094 1435 1226 1484 illius
1262 1442 1454 1484 sumtus
1480 1435 1620 1484 vide-

145 1520 275 1572 atur,
296 1511 437 1578 cujus
461 1513 802 1578 apographum
827 1520 1094 1578 acceperat
1117 1512 1392 1578 Spirensis:
1420 1513 1620 1562 videtur

146 1589 388 1655 ignorari,
410 1591 546 1642 unde
569 1589 833 1640 illa-editio
862 1587 1063 1639 fluxerit
1083 1610 1097 1650 3
1116 1590 1231 1639 nisi
1264 1589 1395 1639 forte
1431 1606 1496 1639 ex
1529 1588 1618 1639 illo

146 1671 258 1737 ipso
283 1671 493 1736 antiquo
516 1671 718 1721 Veneto
741 1673 897 1721 ducta
927 1680 1020 1732 est,
1044 1688 1194 1737 quem
1225 1688 1373 1737 supra
1396 1672 1617 1721 diximus

142 1763 174 1795 a
211 1747 444 1797 Victorio
482 1747 671 1797 laudari
714 1765 741 1797 e
782 1748 1090 1797 bibliotheca
1135 1749 1203 1796 D.
1243 1747 1427 1807 Marc-i,
1443 1746 1446 1749 ’
1462 1748 1616 1797 hodie

141 1831 310 1873 autem
334 1824 387 1872 in
411 1839 470 1873 ea
492 1824 598 1873 non‘
620 1822 842 1889 reperiri,
857 1823 867 1828 “
882 1825 1034 1874 Adde
1058 1825 1196 1874 dicta
1218 1826 1282 1873 ad
1298 1824 1440 1872 ·Ann.
1463 1824 1614 1885 XIV,

146 1909 219 1948 12.
247 1909 250 1910 ’
280 1899 538 1960 Ceterum,
557 1909 614 1949 ut
635 1899 749 1949 libri
773 1900 920 1966 hujus
941 1901 1178 1949 rarissimi
1202 1901 1330 1949 ratio
1349 1909 1400 1950 et
1417 1901 1614 1951 indoles

138 1975 332 2042 planius
368 1976 705 2042 intelligatur:
747 1978 919 2026 charta
953 1986 1030 2026 est
1064 1977 1419 2043 pulcherrima,
1453 1978 1615 2028 literae

138 2052 434 2115 luculentae,
460 2055 710 2121 margines
743 2056 851 2115 lati,
882 2065 939 2105 ut
979 2056 1297 2122 splendorem
1338 2057 1613 2123 pulcherri-

136 2128 329 2186 marum
352 2131 537 2181 nostrae
559 2135 719 2182 aetatis
745 2133 1024 2182 editionum
1048 2134 1128 2184 vel
1152 2143 1339 2200 aequet,
1362 2134 1443 2184 vel
1467 2151 1611 2200 supe-

134 2215 214 2259 ret
230 2225 262 2256 :>
290 2216 430 2258 totus
476 2209 761 2259 contextus?-
792 2210 1057 2275 ejusmodi,
1098 2221 1155 2260 ut
1200 2221 1456 2277 appareat,
1493 2217 1615 2262 cum'
1678 2228 1681 2234 ’

135 2285 369 2335 omnibus
403 2284 727 2336 ‘librariorum
766 2289 990 2353 peccatis
1025 2289 1237 2338 ductum
1274 2305 1381 2338 esse
1417 2305 1446 2338 e
1479 2288 1611 2339 libro

134 2361 327 2426 scripto
342 2379 360 2411 :-
382 2362 624 2427 ea'que‘de
649 2380 822 2413 caussa
845 2365 1036 2413 codicis
1059 2366 1232 2431 scripti
1255 2366 1608 2416 auctoritatem

137 2438 367 2489 obtinere
402 2455 563 2504 posse.
635 2441 912 2490 Nominum
950 2441 1284 2502 Persicorum,
1310 2442 1609 2493 Armenico-

135 2514 266 2574 rum,
290 2515 360 2564 ita
382 2524 440 2565 ut
463 2517 799 2578 Florentium,
822 2519 875 2567 in
910 2520 1198 2568 accusativo
1222 2537 1418 2585 semper
1439 2521 1608 2570 termi-

134 2593 393 2642 nationem
430 2594 553 2643 facit
587 2611 646 2643 en
664 2616 680 2643 .-
714 2596 1030 2661 plerumque,
1054 2597 1140 2645 ubi
1172 2597 1254 2646 alii
1285 2614 1371 2646 nec
1401 2589 1606 2662 quidem,

132 2669 242 2735 ipsa
281 2670 490 2720 exhibet
527 2687 589 2720 ne
627 2674 831 2737 quidem,
866 2681 923 2723 ut
959 2673 1248 2723 Gronovius
1284 2674 1602 2739 conjecerat:

130 2743 236 2796 evm
251 2749 464 2811 primum
483 2765 643 2815 prope
666 2744 880 2815 semper,
905 2751 991 2819 ubi
1015 2751 1097 2799 alii
1120 2751 1231 2801 libri
1255 2769 1380 2801 mmc
1397 2751 1476 2801 vel
1496 2759 1606 2801 time

126 2824 336 2890 primum
357 2846 371 2874 .·
409 2833 495 2875 aut
529 2826 609 2876 vel
645 2834 694 2876 et
730 2830 929 2892 prone,
962 2838 1202 2895 sequente
1237 2829 1429 2879 vocali:
1468 2846 1601 2895 soepe
