1956 3250
371 134 493 185 xxvi
916 133 1373 186 PRAEFATIO.

374 266 452 305 Sed
469 265 574 306 idem
591 264 800 306 dicendum
818 270 878 306 est
895 267 944 307 de
963 267 1197 311 Vendelino,
1215 268 1283 319 qui
1308 268 1352 306 in
1377 277 1525 319 magna
1541 278 1707 319 operum
1721 267 1849 320 copis,

370 330 465 369 licet
481 330 620 375 nasius,
639 331 848 382 aliquando
866 335 1001 370 tamen
1018 342 1183 376 annum,
1203 331 1300 369 item
1327 331 1405 369 loci
1427 331 1646 378 interdum,
1663 333 1726 372 sui
1741 332 1854 372 deni-

371 404 449 444 que
463 393 583 443 ipsius
602 393 772 432 nominis
792 395 1034 432 mentionem
1050 394 1193 432 omisit.
1224 394 1375 434 Quodsi
1393 394 1597 446 indulgere
1608 393 1848 443 conjecturae

369 456 502 501 liceat,
521 456 746 495 Johannem
765 457 933 496 dixerim
957 458 1134 508 primum
1151 457 1247 495 artis
1264 457 1464 506 specimen
1479 457 1629 496 dedisse
1645 457 1845 503 Tacitum,

369 518 412 557 in
433 531 511 571 quo
530 519 732 558 custodem
750 518 940 567 adjecerit
957 531 1019 564 eo,
1041 519 1145 571 quod
1169 520 1210 557 in
1228 519 1362 557 codice
1387 521 1548 570 scripto,
1569 533 1687 572 quem
1713 532 1850 571 seque-

369 581 501 628 batur,
517 583 549 619 is
568 586 670 620 esset
686 582 877 632 adpictus,
893 595 1088 634 quemque
1107 582 1292 633 deinceps
1309 587 1499 634 tanquam
1517 583 1700 622 inutilem
1713 596 1851 634 super-

370 647 573 697 fluumque
602 647 832 697 neglexerit.
887 646 1131 685 Crediderim
1159 658 1294 696 porro,
1313 646 1442 685 Taciti
1459 658 1558 696 opus
1585 649 1705 686 tacite
1723 660 1806 686 esse
1827 661 1852 688 a

369 711 551 749 Johanne
570 712 770 755 excusum,
791 722 862 748 nec
880 710 1043 748 Senatui
1060 709 1253 756 oblatum,
1273 710 1443 762 indeque
1462 711 1626 756 factum,
1647 710 1692 748 u't
1708 712 1751 749 in
1769 712 1850 761 pri-

368 773 512 824 vilegio
535 772 696 810 laudato
720 784 802 811 non
829 777 1086 818 memoretur,
1105 777 1231 825 utque
1258 774 1458 812 Ciceronis
1475 774 1652 824 epistolae
1677 786 1713 812 a.
1734 776 1848 815 1469-

368 836 555 885 inpressae
582 836 625 873 in
651 836 867 887 epigraphe
896 836 963 885 (cf.
994 836 1146 874 Panzer
1177 849 1216 886 p.
1244 836 1325 884 63.)
1354 838 1502 886 primus
1530 836 1634 874 labor
1660 837 1848 875 Johannis

367 898 567 944 dicantur,
591 900 737 938 scilicet
765 911 881 951 quem
908 897 1038 949 palam
1066 900 1298 950 vulgaverit.
1353 899 1401 937 ld
1427 900 1461 938 si
1486 900 1552 944 sit,
1584 899 1742 938 Tacitus
1754 912 1847 939 cum

366 962 597 1012 Deltophilo
631 963 682 1001 ad
716 975 751 1001 a.
782 965 896 1001 1468.
925 967 1033 1002 recte
1069 960 1208 1002 referri
1243 962 1452 1008 videbitur,
1482 962 1587 1014 quod
1622 968 1666 1001 et
1699 964 1847 1015 placuit

367 1025 561 1064 Deburio.
629 1061 633 1064 .
1243 1035 1245 1039 ’

439 1109 589 1177 Hanc
624 1104 899 1167 editionem
935 1110 1184 1160 Gruterus
1220 1113 1283 1160 ad
1334 1111 1401 1160 H.
1430 1111 1505 1172 ΙΙ,
1531 1119 1609 1165 74.
1636 1113 1842 1170 ductam

366 1194 513 1253 putat
536 1203 563 1235 e
589 1187 767 1252 codice
788 1185 1045 1237 Vaticano
1065 1188 1153 1236 illo
1169 1180 1171 1182 ’
1188 1190 1478 1253 antiquiori,
1504 1206 1605 1254 quo
1643 1189 1844 1256 Lipsius

366 1264 584 1314 maxime
625 1281 743 1312 usus
783 1272 876 1323 est,
918 1266 1053 1313 unde
1107 1266 1324 1317 Vaticani
1343 1268 1525 1330 filiam,
1568 1268 1843 1317 Vaticanum

364 1348 532 1399 vocat,
568 1347 626 1389 ut
669 1349 786 1390 ante
806 1375 810 1379 -
832 1342 953 1389 dixi.
1025 1342 1125 1391 Sed
1172 1359 1281 1391 eam
1328 1360 1454 1402 rem,
1501 1346 1842 1409 comparando

364 1417 609 1467 lectiones
635 1417 739 1481 ejus
765 1434 879 1466 cum
911 1418 1213 1466 lectionibus
1250 1418 1359 1467 MS.
1386 1420 1642 1480 Vaticani,
1665 1437 1841 1486 parum

367 1502 556 1543 certam
599 1495 830 1559 cognovi.
904 1494 1031 1544 Sane
1074 1496 1245 1562 negari
1288 1513 1391 1545 non
1431 1504 1617 1562 potest,
1654 1498 1706 1546 in
1743 1497 1839 1547 hac

365 1572 592 1621 editione
616 1570 796 1621 multas
819 1571 1064 1622 lectiones
1088 1573 1313 1637 reperiri,
1333 1590 1445 1638 quae
1469 1574 1569 1623 sint
1586 1574 1838 1625 Vaticano

366 1649 602 1715 propriae,
623 1649 763 1699 velut
786 1649 852 1697 A.
879 1649 977 1708 XI,
1008 1658 1082 1697 18.
1109 1648 1238 1709 XII,
1267 1659 1341 1698 11.
1374 1659 1447 1698 12.
1476 1650 1546 1698 H.
1568 1650 1613 1710 I,
1633 1658 1712 1700 61.
1732 1651 1838 1712 ΙΙΙ,

365 1734 411 1773 5.
437 1726 547 1774 init.
575 1732 620 1773 6.
672 1725 768 1786 IV,
799 1735 871 1773 12.
894 1734 945 1775 et
967 1725 1115 1791 plane
1138 1726 1432 1791 singulares,
1455 1736 1513 1777 ut
1537 1727 1606 1777 H.
1634 1727 1730 1789 IV,
1751 1736 1834 1778 164.

365 1808 443 1849 66.
471 1808 549 1851 69.
577 1809 674 1851 ete.
702 1811 813 1866 quae
847 1819 924 1851 res
948 1803 1148 1851 videtur
1171 1802 1448 1852 Gruterum
1472 1805 1524 1852 in
1559 1804 1690 1854 hanc
1727 1820 1836 1856 sen-

365 1879 575 1928 tentiam
600 1879 869 1944 impulisse.
917 1879 1015 1928 Sed
1039 1887 1208 1929 tamen
1234 1896 1336 1928 non
1360 1882 1523 1930 minus
1546 1881 1835 1935 notabiliter

362 1956 622 2020 permultis
646 1956 771 2004 locis
802 1957 1054 2006 consentit
1089 1974 1205 2005 cum
1242 1957 1564 2008 Florentino:
1602 1959 1741 2008 velut
1764 1959 1831 2009 A.

361 2032 460 2091 XI,
484 2041 530 2080 4.
559 2041 655 2081 etc.
690 2039 734 2080 6.
772 2035 903 2081 med.
940 2041 992 2082 et
1027 2041 1153 2082 extr.
1199 2040 1364 2082 9511.
1414 2042 1488 2086 17.
1528 2044 1602 2083 18.
1637 2044 1716 2084 22.
1751 2045 1830 2085 23.

361 2118 458 2158 etc.
485 2118 582 2159 etc.
611 2126 765 2175 porro
800 2109 868 2157 H.
897 2110 999 2169 111,
1026 2119 1069 2158 8.
1100 2111 1170 2159 ita
1203 2111 1255 2158 in
1279 2113 1435 2161 verbo
1463 2114 1690 2178 pretiam,
1712 2114 1834 2163 uta

358 2186 609 2236 Vaticano
633 2187 911 2246 dissentiat,
930 2187 981 2235 in
1007 2204 1108 2252 quo
1133 2194 1209 2236 est
1232 2189 1426 2238 Retiam
1446 2211 1460 2236 .-·
1498 2200 1654 2256 porro?
1672 2183 1718 2238 c.
1751 2198 1826 2243 13.

357 2254 429 2321 inf
457 2263 757 2329 glossemate
807 2281 850 2312 c.
896 2272 973 2311 20.
1018 2271 1115 2312 etc.
1153 2265 1461 2331 omninoque
1506 2266 1732 2332 pluribus
1757 2266 1830 2316 .in

354 2339 499 2399 lociS‚
539 2341 625 2388 ubi
672 2340 821 2404 plane
867 2340 1119 2406 discrepat
1161 2359 1191 2389 a
1225 2341 1494 2402 Vatican0‚
1531 2351 1584 2392 et
1623 2344 1829 2410 quidem

354 2416 409 2464 in
453 2415 755 2464 lectionibus
807 2416 1138 2465 notabilibus:
1191 2417 1330 2466 velut
1378 2418 1446 2466 H.
1497 2418 1600 2478 III,
1630 2425 1693 2472 ’7.
1741 2421 1827 2470 ubi

353 2493 407 2540 in
453 2491 618 2540 Vatic.
658 2499 709 2540 et
754 2494 1022 2551 adduc-tim,
1064 2510 1179 2542 cum
1232 2494 1283 2541 in
1337 2497 1416 2543 ed.
1468 2494 1712 2561 Spirensis
1751 2495 1829 2544 rsit
1867 2510 1875 2518 ·

353 2570 597 2618 audacius.
669 2569 908 2629 Accedit,
941 2571 1078 2634 quod
1114 2569 1314 2635 Lipsius
1351 2572 1541 2622 centies
1579 2572 1827 2631 lectiones

354 2646 589 2696 editionis
637 2645 881 2695 Romanae
925 2646 1113 2706 laudat,
1159 2647 1245 2696 ubi
1297 2648 1410 2697 silet
1452 2650 1517 2699 de
1554 2647 1824 2709 Vaticano,

352 2731 422 2773 et.
442 2730 620 2772 contra
640 2722 701 2771 iis
736 2722 880 2781 locis,
914 2723 1001 2772 ubi
1039 2723 1315 2788 singulares
1350 2724 1599 2774 lectiones⁴
1619 2741 1647 2775 e
1668 2725 1822 2777 Vati.-

349 2815 481 2850 cano
514 2798 722 2864 profert,
745 2798 932 2846 nullam
957 2799 1191 2848 editionis
1232 2800 1474 2849 Romanae
1511 2802 1818 2859 mentionem

1954 2759 1956 2863 w

1952 2865 1956 3101 Ι
