1924 3236
409 153 489 190 3³2
938 146 1315 190 ANNALIUM

517 254 581 289 45.
628 250 747 289 Grave
784 250 997 288 incendium
1043 250 1168 292 Romae
1221 250 1385 288 Tiberius
1429 248 1656 287 liberalitate
1692 250 1854 298 mitigat.
1915 265 1918 270 ·

464 302 597 341 Macro
628 303 835 352 Caligulam
863 307 1000 351 captat.
1059 305 1122 340 46.
1156 302 1319 339 Tiberius
1353 302 1399 339 de
1428 314 1630 339 successore
1663 301 1854 340 deliberat.

464 355 540 401 ejas
569 357 790 405 praesagium
816 355 860 391 de
897 352 1081 402 Caligula.
1142 353 1316 391 Morbum
1350 355 1570 391 dissimulat.
1622 358 1687 397 47.
1714 354 1854 392 Acutia

463 408 673 447 damnatur.
731 406 921 443 Albucilla
947 407 1149 456 impietatis
1166 407 1205 442 in
1224 405 1438 455 Principem
1456 405 1634 454 defertur.
1689 409 1752 444 48.
1776 407 1853 443 Ar·
1916 439 1917 442 ,

460 461 606 497 runlius
637 460 743 496 taedio
773 463 974 506 temporum
1001 470 1110 496 venas
1129 460 1290 496 resolvit.
1352 463 1415 497 49.
1445 459 1625 506 Papinius
1654 470 1694 495 se
1721 460 1853 508 praeci-

454 513 569 562 pltat.
627 515 689 548 50.
726 511 889 548 Tiberius
907 509 1141 560 defectionem
1158 521 1263 548 suam
1281 511 1386 559 tegit,
1409 510 1588 547 Chariclis
1608 511 1739 548 medici
1766 515 1853 549 astte

460 568 691 613 compertam.
729 563 830 600 Fmit
845 575 1043 612 oppressus.
1085 566 1145 601 51.
1181 561 1273 610 Ejus
1289 564 1386 600 varii
1403 573 1506 599 casus
1523 566 1560 599 et
1576 573 1687 600 mors.
1738 563 1851 600 Gesta

461 617 534 653 hoec
552 618 657 652 annis
675 616 822 652 circiter
837 628 908 654 sex.

563 691 629 717 CN.
650 691 849 717 DOMITIO.
901 691 945 716 M.
968 691 1094 716 Fumo
1116 690 1301 716 CAMILLO

564 744 648 769 SER.
669 744 860 769 SULPICIO
881 742 1026 768 GALBA.
1074 743 1108 768 L.
1131 743 1341 768 CORNELIO
1359 741 1487 768 sULLA

563 796 725 822 PAULLO·
743 796 878 822 FABlo.
922 796 957 821 L.
977 795 1174 821 VITELon

562 846 598 875 Ο.
618 849 766 874 GESTIO
788 849 933 874 GALLO.
980 848 1024 872 M.
1046 847 1238 873 SERVILIO
1258 847 1367 873 RUFO

564 901 603 926 G.-
626 901 817 927 PLAUTIO.
859 901 944 927 SEX.
965 900 1133 926 PAPINIO

560 953 627 979 ΟΝ.
647 953 900 979 ACERRONIO.
934 953 969 978 C.
991 952 1146 978 PONTIO
1166 952 1278 979 COSS·

293 1004 528 1072 a.U.CN.
561 1023 873 1067 DOMITIUS
903 1031 948 1065 et
981 1021 1189 1065 Camillus
1223 1021 1533 1065 Scribonianus
1557 1021 1843 1068 Consulatum

302 1082 379 1155 {850-
405 1081 604 1133 inierant,
625 1097 726 1124 cum
754 1081 917 1132 Caesar,
935 1080 1148 1132 tramisso,
1169 1080 1286 1137 quod
1312 1080 1502 1137 Capreas
1522 1090 1565 1122 et
1588 1080 1842 1126 Surrentum

298 1139 611 1197 '322¹'interluit,
634 1139 760 1192 freto,
793 1138 1080 1195 Campaniam
1111 1137 1394 1195 praelegebat,
1427 1137 1672 1195 ambiguus,
1693 1153 1748 1181 an
1769 1153 1840 1180 ur-

367 1198 500 1251 1bem
531 1197 724 1249 intraret,
754 1210 844 1248 seu,
873 1197 976 1252 quia
1003 1203 1156 1238 contra
1185 1195 1494 1247 destinaverat,
1523 1196 1713 1252 speciem
1738 1210 1838 1238 ven-

400 1254 486 1299 turi
507 1254 735 1297 simulans:
755 1262 799 1296 et
820 1267 938 1311 saepe
961 1254 1005 1295 in
1028 1253 1272 1310 propinqua
1291 1253 1536 1310 degressus,
1557 1252 1686 1295 aditis
1701 1253 1836 1309 juxta

398 1310 592 1354 Tiberim
621 1311 773 1361 hortis,
793 1326 897 1354 saxa
917 1324 1084 1353 rursum
1115 1319 1161 1352 et
1197 1310 1473 1352 solitudinem
1499 1309 1628 1352 maris
1649 1310 1839 1367 repetiit,

397 1369 563 1427 pudore
585 1371 791 1412 scelerum
807 1377 851 1411 et
871 1368 1125 1411 libidinum-1
1159 1368 1316 1423 quibus
1332 1367 1440 1410 adeo
1464 1366 1687 1409 indomitis
1709 1381 1834 1410 exar-

397 1435 524 1478 serat,
555 1437 619 1480 ut‚
643 1441 762 1470 more
796 1426 954 1484 Regio,
977 1426 1135 1483 pubem
1171 1425 1402 1482 ingenuam
1426 1424 1585 1522 stuzris
1607 1423 1834 1482 pollueret.

395 1498 477 1527 nec
498 1484 680 1527 formam
706 1492 872 1527 tantum
886 1493 930 1525 et
944 1483 1101 1526 decora
1122 1497 1318 1540 corpora,
1341 1482 1413 1524 sed
1437 1481 1480 1523 in
1537 1481 1571 1523 is
1592 1481 1833 1525 modestam

393 1541 640 1598 pueritiam,
662 1542 705 1584 in
737 1541 829 1584 aliis
859 1540 1069 1598 imagines
1100 1540 1331 1596 majorum,
1353 1538 1686 1581 incitamentum
1707 1539 1831 1596 cupi-

393 1599 507 1642 dinis
537 1598 742 1641 habebat.
774 1609 962 1655 tuncque
993 1598 1180 1655 primum
1211 1597 1364 1654 ignota
1392 1605 1491 1638 ante
1522 1595 1735 1639 vocabula
1765 1610 1837 1638 re-

391 1665 516 1714 perta
545 1665 658 1709 sunt,
687 1655 941 1699 sellariorum
969 1666 1014 1697 et
1042 1654 1324 1711 spintriarum,
1353 1667 1409 1695 ex
1440 1651 1641 1696 foeditate
1668 1652 1753 1704 loci
1775 1667 1827 1695 ac

389 1713 622 1771 multiplici
646 1714 869 1770 patientia.
892 1714 1202 1770 praepositique
1221 1711 1347 1763 servi,
1368 1710 1443 1767 qui
1459 1718 1716 1767 quaererent,
1734 1724 1832 1768 per-

391 1771 623 1823 traherent,
643 1772 759 1814 dona
775 1771 818 1813 in
836 1780 1078 1830 promptOS,
1097 1770 1236 1812 minas
1269 1769 1470 1810 adversus
1491 1768 1754 1821 abnuentes3
1772 1776 1830 1821 et,

430 1893 491 1924 Cn.
514 1890 697 1931 Domitius]
734 1890 872 1922 Initium
900 1890 983 1921 sexti
1009 1889 1086 1921 libri
1127 1898 1234 1921 euere.
1254 1887 1330 1920 vid.
1353 1887 1394 1919 ad
1414 1889 1448 1925 4,
1462 1889 1516 1922 74.
1558 1885 1713 1919 Sieinrm
1727 1897 1757 1919 c.
1773 1889 1828 1920 30.

385 1935 560 1967 arbitrario
573 1935 708 1974 bicjure
720 1934 967 1970 eonstitui,non
982 1936 1087 1964 certo.
1126 1932 1164 1963 in
1183 1932 1310 1962 insulas
1331 1931 1460 1965 demoti,
1481 1937 1548 1960 non
1570 1930 1695 1962 dimoti.
1738 1931 1829 1963 Ean.

386 1978 450 2009 Cui
472 1977 562 2009 enim
586 1976 702 2017 probes
727 1980 859 2007 tantam
873 1975 940 2006 vim
963 1984 1086 2013 rerum,
1129 1973 1272 2006 cronius
1287 1973 1421 2014 praefert
1433 1973 1608 2012 digressus.

384 2023 544 2059 quantam
570 2018 650 2056 dixi,
675 2019 873 2058 trienniique
898 2022 991 2058 gesta
1018 2026 1087 2047 uno
1169 2015 1278 2047 Juxta
1303 2014 1446 2046 Tiberim
1469 2014 1568 2045 hortis
1609 2012 1733 2046 Hortos
1754 2013 1828 2047 Cae-

384 2061 470 2093 libro
485 2070 561 2093 cum
577 2061 788 2101 sequentibus
810 2059 935 2091 inclusa
957 2059 1079 2090 fuisse?
1123 2059 1203 2088 saris
1219 2057 1356 2098 accipio.
1370 2056 1410 2087 de
1424 2057 1539 2097 quibus
1597 2060 1682 2087 orat.
1697 2057 1730 2089 S.
1747 2059 1776 2095 Ι,
1790 2062 1824 2095 9,

383 2103 513 2136 Secrevi
528 2104 642 2144 igitur,
658 2111 725 2134 non
743 2104 820 2143 quia
840 2102 980 2142 liqueret
1001 2100 1082 2132 mihi
1128 2103 1176 2132 18.
1222 2099 1331 2132 Trans
1364 2097 1508 2131 Tiberim
1541 2100 1636 2139 longe
1670 2099 1768 2130 cubat
1797 2100 1830 2131 is

381 2146 516 2178 initium
539 2147 574 2178 in
597 2145 647 2176 his
668 2145 800 2178 demum
827 2146 931 2176 verbis
955 2144 1085 2175 faciun-
1121 2152 1222 2184 prope
1251 2142 1387 2173 Coesaris
1411 2143 1528 2173 hortos.
1574 2141 1601 2172 li
1617 2141 1715 2172 vicini
1729 2141 1826 2173 Nau-

381 2187 483 2221 dum:
513 2188 569 2220 sed
583 2189 660 2228 quia
674 2188 938 2228 magnitudinem
965 2195 1079 2226 resque
1122 2185 1261 2216 macbiae
1287 2185 1435 2221 fuerunt,
1459 2184 1618 2225 siquidem
1648 2183 1759 2214 eadem
1781 2183 1826 2215 de

379 2235 490 2270 gestas
503 2231 695 2268 oestimanti,
705 2230 752 2262 ita
765 2230 946 2261 videbatur.
976 2227 1081 2260 Deni-
1123 2238 1157 2258 re
1179 2228 1355 2258 Suetonius
1375 2226 1486 2257 Tiber.
1507 2229 1558 2260 72.
1605 2223 1667 2257 Bis
1693 2227 1823 2257 omnino

378 2283 456 2313 que,
466 2278 505 2306 ut
517 2274 613 2305 scires
627 2272 757 2309 saltem,
770 2272 858 2303 hunc
874 2271 971 2312 vulgo
988 2271 1082 2311 quin·
1122 2272 1186 2301 toto
1214 2278 1352 2301 secessus
1379 2273 1520 2309 tempore
1545 2267 1687 2300 Romam
1713 2269 1821 2299 redire

379 2319 455 2348 tum
477 2315 598 2348 librum
614 2316 650 2347 in
664 2315 745 2347 duos
766 2325 836 2347 esse
856 2313 1080 2346 tribuendum.
1122 2317 1267 2347 conatus,
1281 2311 1380 2341 semel
1398 2311 1527 2342 triremi
1541 2318 1642 2350 usque
1654 2308 1822 2350 adproxi-

378 2358 473 2391 Ln‘s.
1121 2364 1188 2386 mos
1213 2355 1418 2385 mzumachioe
1448 2354 1552 2385 hortos
1575 2354 1742 2384 moveam
1763 2356 1821 2389 est.

427 2401 586 2433 Camillus
608 2399 769 2441 Scribon]
794 2401 840 2432 Ex
858 2397 893 2430 h.
915 2399 937 2430 1.
955 2397 1078 2430 Camil·
1119 2397 1273 2437 disposita
1295 2396 1435 2426 statione
1463 2404 1525 2435 per
1562 2396 1654 2435 ripas
1681 2394 1820 2433 Tiberis,

378 2441 451 2475 lum
472 2444 562 2475 hunc
584 2442 762 2475 Consulem
783 2442 986 2474 ordinarium
1009 2449 1079 2471 me·
1119 2445 1190 2480 qua·
1225 2439 1351 2469 obviam
1385 2439 1581 2477 prodeuntes
1608 2438 1820 2469 submoveret.

377 2486 444 2518 rito
457 2485 584 2518 faciunt
599 2485 717 2526 pagius
739 2485 774 2516 in
796 2485 891 2516 Crit:
902 2483 1024 2516 Bai-on.
1037 2481 1078 2513 ad
1120 2481 1201 2512 Vide
1215 2482 1254 2512 iis
1269 2481 1308 2512 de
1321 2480 1426 2512 hortis
1447 2482 1481 2511 et
1504 2479 1641 2511 Sueton.
1660 2478 1753 2511 sulio
1767 2482 1820 2511 83.

377 2528 413 2560 h.
428 2537 458 2559 a.
471 2532 507 2559 et
518 2527 668 2559 Nor-isius
684 2529 718 2558 in
733 2537 787 2568 ep.
799 2529 903 2560 cons.
916 2530 942 2557 t.
955 2527 986 2558 9.
1002 2535 1077 2566 opp.
1120 2522 1215 2558 Lirs.
1753 2534 1755 2538 ·
1882 2534 1899 2567 ξ

375 2579 411 2613 p.
435 2570 508 2602 864.
531 2579 628 2610 quem
650 2570 809 2610 sequitur,
834 2574 943 2601 motus
964 2569 1078 2599 inseri·
1162 2567 1381 2597 Scutariorum
1408 2567 1439 2595 et
1465 2561 1699 2604 spintriarum]
1722 2560 1818 2604 vide,
1888 2574 1892 2582 ,

374 2613 490 2653 ptione
517 2613 656 2652 antiqua
683 2614 751 2654 (ap.
777 2613 875 2644 Grut.
904 2621 937 2652 p.
968 2610 1075 2649 1087.)
1119 2609 1145 2638 si
1161 2608 1264 2644 lubet,
1280 2609 1372 2639 Suet.
1384 2607 1496 2638 Tiber.
1509 2607 1563 2637 43.
1578 2611 1614 2635 et
1624 2604 1815 2636 Turnebum

375 2655 550 2688 Bimardus
566 2654 600 2685 in
625 2654 740 2694 Antiq.
755 2653 1033 2686 Cularonensibus
1048 2663 1077 2682 c.
1121 2653 1152 2687 5,
1172 2654 1198 2682 l.
1242 2651 1306 2691 Qui
1322 2656 1435 2680 tamen
1450 2657 1515 2678 non
1537 2647 1616 2679 satis
1637 2646 1817 2687 explicant,

375 2701 409 2730 5.
423 2707 457 2739 p.
473 2700 526 2731 95.
539 2702 567 2728 t.
586 2701 614 2729 1.
632 2695 734 2728 Thes.
756 2696 860 2728 Inser.
882 2695 972 2727 Mur.
1005 2694 1073 2726 Alii
1115 2702 1174 2723 cur
1187 2692 1307 2724 sellarii
1322 2691 1401 2722 dicti
1425 2701 1444 2721 a
1465 2689 1611 2721 foeditate
1634 2688 1708 2719 loci.
1751 2687 1815 2720 Sed

375 2739 548 2773 Pastorum
565 2739 820 2771 concinnatores
834 2738 1010 2770 suffectum
1024 2736 1073 2768 fa·
1115 2743 1177 2774 ego
1203 2743 1270 2766 non
1298 2733 1383 2764 violo
1409 2738 1455 2768 te.
1478 2730 1597 2762 Pudor.
1637 2730 1728 2762 Lirs.
1773 2729 1815 2763 V.
1863 2731 1883 2743 ²

372 2783 480 2814 ciunt.
515 2781 602 2814 Em«.
1115 2777 1317 2818 interpretes
1332 2774 1372 2806 ad
1385 2774 1476 2805 Suet.
1495 2773 1516 2804 l.
1531 2783 1560 2803 c.
1588 2771 1675 2803 Ean.
1708 2770 1817 2804 Sella.
1880 2784 1882 2786 v

415 2822 610 2865 Digressus]
649 2822 715 2855 Hic
746 2830 876 2862 quoque
903 2821 1073 2861 degressus
1115 2820 1218 2851 riolas
1238 2817 1378 2859 popinas
1398 2816 1498 2847 habet
1519 2815 1683 2847 Martialis
1704 2823 1757 2856 ep.
1780 2817 1813 2852 5.

372 2867 548 2908 legendum
569 2878 610 2898 ex
631 2866 682 2903 iis,
699 2873 772 2905 quoe
793 2873 878 2905 saepe
899 2864 959 2894 viri
981 2862 1071 2894 docti
1114 2864 1167 2897 71.
1213 2860 1263 2893 Cf.
1278 2863 1313 2892 et
1326 2857 1545 2899 Lamprid.in
1560 2857 1692 2898 Heliog.
1706 2860 1739 2890 5.

371 2910 411 2940 de
436 2909 555 2942 horum
583 2909 756 2941 verborum
791 2905 978 2938 discrimine
1013 2904 1071 2937 do-
