1956 3250
1805 0 1956 77 ,Ἣ

471 187 524 222 5ο
1010 179 1374 222 ANNALIUM

364 299 401 330 Α.
418 298 461 330 U.
474 297 699 327 numerum
713 283 1013 328 centurionum
1030 284 1322 340 adaequarent.
1340 280 1452 325 Tum
1466 280 1694 325 convulsos
1707 280 1915 325 laniatos-
1952 305 1956 320 ε

375 343 450 376 767·
474 356 558 399 que
569 351 614 384 et
629 341 786 400 partim
805 341 1032 384 exanimos
1052 351 1153 384 ante
1172 339 1329 382 vallum
1352 349 1427 382 aut
1449 340 1491 382 in
1513 354 1682 382 amnem
1709 338 1915 383 Rhenum

391 386 463 460 ᾖξ’
477 398 726 457 projiciunt.
758 399 996 456 Septimius
1016 414 1114 441 cnm
1138 397 1399 455 perfugisset
1413 397 1466 439 ad
1491 397 1694 450 tribunal,
1738 397 1912 439 edibus·

431 451 441 460 ’
473 472 557 515 que
574 457 765 500 Caecinae
789 456 1103 507 advolveretur,
1121 470 1174 497 eo
1199 470 1331 511 usque
1354 455 1575 512 flagitatus
1596 465 1676 505 est,
1725 469 1834 497 onec
1856 453 1914 497 ad

472 514 657 558 exitium
679 515 919 556 dederetur.
962 513 1137 556 Cassius
1161 513 1358 562 Cbaerea,
1381 527 1483 554 mox
1510 512 1629 554 caede
1651 511 1705 555 C.
1726 511 1912 555 Caesaris
1951 545 1955 552 ,

470 572 724 616 memoriam
747 572 861 629 apud
885 580 1077 627 posteros
1101 570 1301 628 adeptus,
1323 580 1413 611 tum
1436 569 1684 612 adolescens
1703 579 1749 612 et
1778 569 1912 613 animi

470 629 611 682 ferox,
633 630 744 672 inter
767 631 989 671 obstantes
1012 638 1056 670 et
1069 640 1257 670 armatos
1279 628 1391 670 ferro
1418 628 1529 668 viam
1551 626 1774 684 patefecit.
1807 627 1914 670 Nou

470 688 670 730 tribunus
686 687 809 739 ultra,
824 701 910 728 non
932 696 1171 728 castrorum
1186 686 1416 743 praefectus
1432 685 1507 741 jus
1528 684 1722 740 obtinuit
1735 701 1748 728 τ
1769 684 1915 743 vigili-

471 761 531 796 aS,
547 745 771 797 stationes,
784 754 828 786 et
850 745 883 786 si
898 759 984 800 qua
1001 743 1085 786 alia
1102 757 1289 801 praesens
1304 758 1405 784 usus
1429 743 1659 794 indixerat,
1679 742 1760 800 ipsi
1781 742 1914 800 parti·

470 804 670 845 ebantur.
714 802 780 855 Id,
802 802 1007 844 militares
1029 802 1197 843 animos
1218 800 1347 843 altius
1369 800 1734 856 conjectantibus,
1760 798 1915 858 praeci-

472 875 605 918 puum
624 860 832 903 indicium
852 860 996 917 magni
1016 858 1444 916 atqueimplacabilis
1467 867 1624 910 motuS,
1640 857 1756 914 quod
1775 871 1915 914 neque

471 917 660 976 disjecti,
685 933 763 960 nec
777 931 1013 976 paucorum
1028 917 1253 970 instinctu,
1271 916 1344 959 sed
1359 916 1518 974 pariter
1536 915 1822 969 ardescerent,
1838 930 1916 973 pa·

470 1052 598 1094 Quibus
625 1052 706 1084 locis
735 1053 892 1083 omnibus
927 1053 1076 1083 ntultare
1103 1059 1172 1082 non

470 1105 563 1136 aeque
575 1095 694 1136 placet.
718 1094 807 1126 Ln’s.
850 1095 940 1126 ldem
963 1095 996 1125 in
1026 1095 1099 1126 MS.
1123 1104 1173 1125 re-

471 1144 602 1178 pertum
623 1142 711 1169 recte
741 1138 864 1178 recepit
890 1137 1032 1169 Pichena
1054 1143 1088 1168 et
1112 1137 1172 1168 Gr.

471 1180 522 1212 De
538 1181 710 1212 verborum
729 1182 875 1212 multare
887 1184 920 1211 et
936 1181 1084 1211 mule-are
1099 1188 1171 1219 per-

470 1223 657 1254 mutatione
673 1223 861 1264 frequenter
876 1227 987 1254 actum
1001 1233 1020 1254 a
1032 1222 1173 1254 criticis.

475 1266 564 1299 ERN.

516 1308 681 1347 Sea-ageni
697 1307 858 1348 singulos]
889 1307 928 1339 ln
952 1307 1082 1348 legione
1104 1305 1171 1347 plc-

474 1360 530 1387 nn,
553 1351 725 1391 sexaginta
745 1350 964 1382 centuriones.
995 1348 1173 1390 Dionysius

473 1393 583 1424 Halic.
601 1397 634 1430 9,
663 1396 711 1424 10.
735 1396 768 1423 et
788 1391 964 1432 Vegetius:
987 1402 1049 1434 ego
1075 1391 1172 1433 plene

471 1436 506 1467 in
521 1435 646 1466 Militia
659 1438 692 1473 2,
707 1438 802 1468 5—8.
827 1435 920 1467 Lirs.

514 1478 602 1510 Tum
615 1477 809 1517 adolescens]
836 1476 1022 1509 Admodum
1041 1479 1093 1508 30.
1113 1483 1172 1507 an-

470 1530 589 1552 norum
604 1526 638 1551 et
652 1520 804 1560 amplius.
848 1519 959 1560 Quum
984 1517 1171 1558 Caligulam

470 1563 647 1601 occideret,
669 1563 778 1594 senior
799 1562 922 1594 dicitur
943 1563 1036 1593 Suet.
1061 1561 1170 1601 Calig.

476 1616 505 1638 c.
521 1606 572 1638 56.
1143 1618 1145 1621 -

514 1650 581 1680 Nil
601 1657 788 1689 paucorum
810 1647 983 1687 instinctu]
1008 1646 1170 1678 Rhenano

469 1691 590 1732 placet,
625 1692 678 1721 vel
708 1699 908 1731 paucorum.
944 1699 1004 1720 nec
1038 1698 1170 1730 sperno.

470 1734 564 1766 Lirs.
618 1733 691 1764 Hoc
720 1732 850 1773 quidem
877 1731 984 1772 palam
1011 1736 1072 1767 est,
1103 1740 1169 1762 non

470 1776 663 1817 rer-,pondere
687 1777 774 1806 inter
795 1784 828 1805 se
851 1775 892 1805 τὰ
912 1784 1014 1815 neque
1038 1779 1072 1804 et
1099 1774 1169 1812 nil;

469 1819 641 1858 nihiloque
657 1817 760 1858 magis
778 1817 819 1848 τὲ.
841 1827 942 1858 neque
955 1821 988 1848 et
1003 1817 1055 1847 vel
1071 1816 1171 1858 (quod

469 1861 620 1901 placebat
634 1861 822 1899 Rhenano.)
869 1859 936 1890 Sedr
955 1868 1020 1899 qua
1035 1859 1068 1889 in
1093 1867 1171 1888 voce

470 1904 624 1934 mendum
647 1902 770 1939 sedeat,
787 1901 976 1933 videndum.
1016 1899 1110 1932 Nihil
1127 1900 1166 1931 il-

468 1945 518 1977 los
531 1945 669 1977 offendit
684 1945 719 1976 τὶ
732 1945 869 1986 disjecti,
891 1942 977 1984 quod
998 1953 1051 1974 me
1067 1943 1169 1974 maxi-

469 1998 534 2019 me.
578 1988 643 2028 Qui
666 1988 755 2019 enim
777 1985 903 2027 disjecta·
919 1987 936 2017 J’
979 1986 1102 2026 Sparsi,
1120 1985 1168 2015 in-

469 2030 540 2069 quit
555 2029 719 2061 Aurelius.
762 2029 805 2060 Et
821 2029 890 2060 haec
905 2028 1034 2069 quidem
1051 2028 1097 2058 vis
1112 2037 1168 2057 vo-

469 2072 534 2103 cis:
567 2071 626 2104 sed
647 2082 689 2103 an
720 2071 880 2103 Pannonii
914 2071 1017 2111 magis
1037 2069 1166 2111 sparsi?

468 2116 572 2146 immo
601 2123 677 2146 mox
699 2125 717 2146 e
745 2115 865 2154 sparsis
894 2112 1042 2144 adunati.
1085 2111 1167 2144 Tale

467 2164 581 2188 autern
609 2156 687 2197 quid
715 2156 831 2187 dixisse
858 2155 996 2188 Tacitus
1025 2155 1165 2191 videtur,

467 2199 552 2238 quod
575 2199 610 2229 in
634 2198 811 2230 Pannoniis
839 2198 968 2235 fuisset,
983 2202 1019 2229 et
1040 2196 1166 2228 tumul·

470 2250 542 2273 tum
560 2251 675 2272 eorum
699 2242 807 2272 minus
830 2240 1046 2272 metuendum
1063 2239 1170 2271 reddi-

466 2285 576 2316 disset.
621 2283 906 2324 Quemadmodum
919 2291 1103 2323 paucorum
1116 2283 1168 2313 in·

466 2328 590 2358 stinctu·
602 2337 613 2354 .·
635 2337 673 2356 eo
689 2326 778 2356 enim
803 2325 1000 2356 Percennius
1015 2330 1050 2356 et
1066 2324 1169 2356 Vibu-

466 2370 561 2402 lenus
574 2368 816 2408 significantur.
843 2367 932 2408 Quid
948 2368 1081 2398 moror?
1101 2366 1168 2398 'ra-

467 2412 524 2443 citi
554 2420 674 2442 manus
696 2410 782 2441 snit:
813 2409 900 2450 quod
925 2419 1087 2449 nusquam
1118 2409 1168 2439 di-

466 2455 595 2491 stracti,
620 2454 671 2483 nil
694 2461 877 2492 paucorum
904 2452 1076 2489 instinctu,
1104 2451 1168 2482 hoc

466 2502 530 2532 est,
543 2493 635 2526 nullo
660 2495 745 2532 loco,
762 2493 854 2525 nulla
876 2495 910 2524 in
934 2503 968 2525 re
990 2493 1166 2524 discordes.

467 2538 590 2571 Balbus
611 2535 653 2568 ad
670 2538 863 2568 Ciceronem
881 2536 964 2577 Epp.
981 2536 1024 2567 ad
1044 2536 1115 2567 Att.
1133 2539 1165 2572 8,

471 2584 541 2612 15.:
563 2585 601 2612 ut
629 2579 787 2611 Coesarem
814 2582 844 2609 et
873 2578 1068 2619 Pompeium
1090 2587 1168 2619 per·

457 2623 549 2665 fidia
563 2622 731 2654 hominum
743 2621 914 2652 distractos
924 2630 1041 2652 rursus
1051 2621 1087 2651 in
1096 2622 1167 2661 pri-

467 2667 590 2698 scinom-
618 2664 822 2695 concordiam
846 2662 994 2694 reducas.
1047 2663 1171 2694 Noster

468 2712 502 2746 4,
516 2711 570 2739 40.
583 2707 613 2738 si
626 2706 874 2737 matrimonium
898 2705 1003 2736 Livioe
1022 2707 1112 2736 vetut
1133 2706 1170 2736 in

463 2755 579 2791 partes
598 2748 730 2780 domum
760 2748 924 2778 L'oesamm
951 2748 1167 2779 distraoeissee.

472 2793 574 2824 Varro
588 2791 675 2832 apud
691 2790 779 2822 Non.
796 2793 829 2826 4,
851 2792 919 2820 138.
942 2789 1168 2821 Dion-accione

469 2835 588 2867 civium
615 2834 817 2872 elanguescit
845 2831 962 2862 bonum
991 2832 1167 2872 proprium

467 2877 620 2914 civitatis,
636 2880 734 2916 aeque
745 2878 906 2914 oegroeave
919 2874 1034 2913 incipit
1048 2877 1080 2904 et
1093 2883 1165 2905 con-

469 2928 637 2961 senescere.
692 2918 801 2958 Atque
823 2916 900 2948 hinc
923 2915 1169 2948 Germaniciani

1214 1048 1499 1082 formidabilior-es.
1527 1059 1603 1081 nam
1641 1049 1804 1081 Pannonii
1836 1050 1914 1082 snb-

1214 1091 1290 1123 inde
1304 1084 1475 1124 distracti:
1499 1097 1538 1124 ut
1559 1103 1636 1124 cum
1662 1093 1788 1131 depulsi
1814 1101 1915 1124 ωηα-

1215 1135 1335 1166 latione
1351 1146 1378 1166 c.
1398 1138 1447 1166 18.
1465 1135 1686 1175 cum-terrum
1701 1136 1789 1167 inter
1806 1144 1840 1166 se
1848 1145 1914 1175 pa·

1213 1177 1335 1208 rabant
1371 1179 1407 1208 ob
1445 1180 1679 1215 cenem-ionem,
1706 1181 1915 1218 cognomento

1215 1219 1399 1260 Sirpicum,
1413 1232 1443 1252 c.
1459 1223 1510 1256 23.
1528 1220 1641 1252 GRON.
1685 1219 1747 1252 Sed
1761 1218 1915 1261 disjectus

1214 1261 1300 1294 idem
1315 1267 1377 1300 est,
1394 1262 1480 1303 quod
1492 1263 1683 1302 distractus,
1699 1272 1802 1303 eoque
1814 1263 1914 1293 verbo

1213 1313 1300 1346 saepe
1315 1305 1424 1336 utitur
1445 1311 1569 1338 noster.
1609 1304 1685 1338 vid.
1703 1307 1732 1343 l,
1745 1308 1799 1341 70.
1813 1307 1846 1341 9,
1859 1307 1913 1337 45.

1214 1350 1246 1384 3.
1261 1351 1294 1379 2.
1310 1350 1341 1384 4.
1364 1348 1478 1391 4G.·ut
1495 1349 1567 1386 jam
1590 1348 1722 1380 monuit
1744 1346 1913 1380 Heinsius

1212 1390 1286 1430 Ego
1317 1390 1451 1431 probem
1479 1391 1633 1422 Rhenani
1666 1391 1911 1432 conjecturam:

1214 1433 1299 1473 quod
1311 1443 1412 1474 neque
1433 1433 1559 1473 disjecti
1583 1434 1637 1464 vel
1651 1441 1839 1474 panem-um
1859 1433 1914 1463 in-

1212 1476 1346 1512 stinctu,
1370 1485 1446 1506 cum
1470 1475 1615 1507 Pichena
1637 1479 1674 1507 et
1701 1475 1793 1513 aliis:
1814 1483 1913 1516 quatu

1215 1517 1339 1559 recepit
1366 1517 1525 1559 Ryekius.
1575 1517 1654 1549 Non
1682 1527 1812 1559 semper
1837 1523 1914 1559 post

1213 1569 1315 1600 neque
1328 1562 1477 1601 sequitur
1497 1570 1600 1602 neque
1612 1559 1666 1592 vel
1687 1569 1758 1598 nee,
1774 1563 1815 1591 ut
1826 1568 1914 1602 supe

1213 1607 1416 1634 monuerunt
1439 1603 1498 1635 viri
1526 1603 1629 1640 docti,
1653 1603 1710 1635 sed
1732 1602 1834 1634 etiam
1847 1604 1913 1641 vel,

1213 1650 1293 1676 aut.-
1308 1655 1339 1676 v.
1354 1645 1494 1677 Bentlei.
1517 1646 1559 1677 ad
1586 1645 1709 1678 Horat.
1731 1643 1836 1686 Epod.
1861 1645 1915 1683 16,

1213 1687 1264 1718 6.:
1289 1687 1369 1719 item
1392 1692 1436 1726 ee,
1452 1699 1505 1727 ac,
1520 1694 1560 1720 ut
1581 1694 1700 1719 contra
1721 1686 1913 1719 Bentleium

1213 1729 1310 1761 docet
1332 1730 1492 1763 Burman.
1515 1730 1556 1764 nd
1577 1729 1674 1762 ovid.
1690 1729 1775 1762 Met.
1794 1732 1914 1765 &492

1213 1773 1323 1812 Atque
1336 1772 1473 1804 Tacitus
1495 1772 1668 1815 permultis
1687 1772 1767 1804 locis
1781 1773 1913 1804 usitati-

1212 1825 1303 1846 orem
1315 1815 1551 1856 particularum
1559 1815 1838 1851 consecutionem.
1848 1815 1915 1846 vel-

1214 1857 1263 1888 uti
1288 1857 1366 1888 data
1395 1869 1506 1898 opera,
1537 1857 1687 1898 negligit.
1730 1857 1783 1888 Sic
1809 1861 1844 1896 3,
1861 1860 1913 1890 54.

1210 1909 1311 1940 neque
1340 1901 1430 1937 mim,
1456 1906 1517 1933 aue
1543 1901 1629 1932 vobis
1662 1900 1740 1931 venai
1753 1899 1912 1939 flaturas.

1211 1942 1298 1973 ERN.
1336 1943 1406 1973 Aut
1432 1953 1551 1974 munus
1574 1942 1714 1982 negandi
1737 1943 1913 1981 sustinere,

1216 1986 1307 2027 (nam
1323 1984 1388 2016 vim
1405 1997 1462 2027 per
1483 1996 1518 2018 se
1533 1994 1600 2017 non
1623 1983 1752 2024 habet,)
1777 1985 1820 2018 ab
1841 1995 1914 2018 om-

1213 2028 1322 2065 nibus,
1343 2033 1378 2058 et
1404 2034 1504 2065 recte,
1531 2036 1720 2060 concessum
1742 2031 1804 2061 est.
1848 2027 1912 2060 ve-

1211 2079 1284 2101 rum
1308 2080 1351 2102 an
1374 2070 1538 2111 simplices
1559 2069 1686 2112 copulae
1707 2074 1750 2108 et,
1765 2079 1820 2110 nc,
1829 2080 1912 2104 eun-

1209 2111 1283 2143 dem
1310 2121 1407 2143 usum
1435 2113 1590 2149 babeant,
1614 2112 1799 2152 dubitatur,
1828 2114 1912 2146 Bur-

1210 2164 1396 2195 mannoque
1412 2162 1446 2186 et
1468 2156 1540 2187 aliis
1562 2155 1623 2186 hac
1646 2155 1680 2185 in
1706 2165 1740 2186 re
1760 2164 1796 2188 se
1810 2165 1913 2200 oppo.

1209 2197 1259 2227 nit
1276 2194 1674 2229 Ruhnkeu.-½dVe11eium
1684 2199 1781 2235 2,45.
1810 2200 1912 2232 uent-

1212 2237 1313 2270 leium
1328 2249 1475 2280 sequens.
1517 2240 1635 2280 Neque
1648 2248 1726 2270 vero
1737 2240 1851 2275 Bene).
1861 2241 1909 2281 in,

1210 2282 1297 2321 quod
1319 2283 1463 2320 volebat,
1478 2282 1576 2323 plane
1598 2282 1839 2315 demonstrasse
1860 2284 1911 2316 vi·

1210 2323 1320 2363 detur,
1334 2330 1369 2356 et
1385 2330 1484 2356 erunt
1497 2325 1551 2365 qui
1566 2325 1691 2356 victum
1731 2329 1828 2358 utent
1842 2335 1914 2360 uno

1209 2367 1383 2398 adversarii
1404 2367 1570 2399 Johnsoni
1589 2334 1740 2408 exemplo
1759 2378 1800 2400 ex
1814 2369 1912 2403 Ovid.

1211 2408 1296 2441 Met.
1316 2412 1366 2447 lo,
1395 2413 1447 2444 92.
1470 2419 1540 2450 sqq.
1568 2410 1622 2442 cui
1649 2409 1771 2443 similia
1795 2420 1911 2452 quam-

1210 2450 1290 2482 libet
1314 2451 1422 2483 multa
1434 2451 1508 2483 addi
1526 2453 1664 2494 possint.
1687 2451 1751 2484 Sed
1764 2456 1912 2496 proprie-

1208 2498 1316 2525 tatem
1331 2495 1357 2525 si
1372 2495 1552 2534 sequimur,
1566 2494 1619 2526 his
1633 2494 1760 2536 copulis
1772 2495 1842 2528 iste
1851 2504 1911 2528 ne-

1208 2536 1307 2576 gandi
1323 2537 1370 2568 vis
1383 2547 1450 2568 non
1463 2537 1524 2569 nisi
1539 2542 1613 2569 tum
1622 2537 1794 2576 tribuitur,
1808 2548 1912 2579 quum

1211 2580 1307 2609 unius
1332 2584 1391 2611 aut
1418 2589 1599 2620 paucorum
1627 2579 1800 2612 nominum
1822 2580 1911 2622 affie-

1209 2620 1278 2651 ctio
1294 2626 1329 2653 et
1341 2622 1434 2653 velut
1454 2621 1616 2663 appositio
1637 2621 1692 2658 fit.
1713 2631 1782 2654 non
1806 2632 1910 2664 quum

1210 2662 1350 2704 integrae
1363 2665 1610 2697 enuntiationes
1630 2663 1820 2703 inferuntur
1833 2673 1910 2699 cm

1212 2706 1310 2736 verbo
1324 2715 1420 2737 novo.
1464 2706 1580 2748 Neque
1600 2706 1636 2737 in
1658 2706 1710 2748 his
1730 2707 1912 2740 simillimo
1954 2738 1956 2746 ,

1209 2747 1461 2788 significationis
1483 2747 1653 2790 particulis
1679 2758 1747 2781 non
1773 2756 1912 2793 apparet
1953 2759 1956 2782 ῑ

1207 2799 1287 2821 usus
1302 2791 1434 2830 quidam
1455 2790 1636 2831 legitimus,
1645 2791 1702 2832 qui
1722 2792 1822 2824 aliam
1837 2800 1913 2825 ma·
1953 2808 1956 2823 3

1209 2833 1260 2873 gis
1281 2832 1469 2872 frequentet
1482 2833 1559 2866 alia.
1603 2833 1657 2865 lta
1676 2833 1912 2875 disjunctivam
1954 2863 1956 2866 .

1208 2875 1263 2905 vel
1288 2883 1422 2914 negare,
1447 2876 1648 2916 paucissimis
1667 2875 1826 2918 exemplis
1849 2876 1910 2908 do·
1950 2887 1951 2890 ¹

1211 2917 1276 2949 ceri
1293 2918 1427 2958 poterit.
1471 2918 1701 2960 Praetuliergo
1713 2928 1786 2958 nec,
1801 2919 1909 2952 Grotii
1952 2934 1956 2938 ·
