1956 3250
437 157 545 209 lviii
922 154 1375 206 PRAEFATIO.

438 291 606 358 dignae
628 291 810 341 habitae
834 292 949 351 sint,
965 308 1076 356 quae
1094 290 1198 339 istis
1223 290 1526 339 editionibus
1539 288 1892 351 insererentur,

439 387 555 431 cum
578 377 679 419 tam
703 386 834 436 saepe
857 370 951 435 ipsi
977 368 1221 419 Gronovii
1244 385 1338 434 pro
1360 367 1516 433 gerris
1541 367 1735 428 Siculis,
1752 369 1892 419 fabu-

435 448 514 508 lis,
551 449 697 514 nugis
733 448 1011 514 repudient.
1062 447 1179 495 Vid.
1214 462 1292 495 ex.
1320 463 1363 495 c.
1388 445 1502 495 Joh.
1534 444 1614 494 Fr.
1640 445 1801 496 Gron.
1825 449 1892 497 ad

438 526 565 587 XII,
607 536 679 574 18.
748 526 855 576 Jac.
893 526 1096 591 quidem
1132 524 1292 574 Gron.
1329 526 1393 573 ad
1428 524 1577 584 XIV,
1613 533 1690 574 33.
1722 525 1898 591 plane2

441 606 744 656 Salineriana
777 620 959 669 semper
989 604 1260 653 claudicant
1277 611 1326 653 et
1343 604 1502 667 inepta
1524 611 1644 651 sunt.
1715 603 1893 653 Simili.

436 692 613 749 terque
646 684 899 732 interdum
939 684 1003 733 de
1038 682 1169 732 notis
1200 681 1453 732 Vertranii
1477 690 1529 732 et
1551 681 1742 731 Donati
1757 682 1891 748 judi..

439 770 587 811 cant:
626 779 670 809 v.
703 763 767 810 ad
797 760 952 821 XIII,
978 767 1055 810 49.
1082 769 1160 809 51.
1215 759 1335 821 XV,
1360 767 1438 813 74.
1491 760 1560 808 H.
1586 760 1631 820 I,
1657 769 1735 809 24.
1762 768 1888 811 extr.

437 842 502 889 de
539 840 769 905 notisque
801 840 996 906 Lupani
1028 839 1359 905 judicandum
1395 847 1519 899 erat,
1543 855 1654 905 quae
1678 839 1891 889 subinde

433 918 702 969 falsissimae
727 926 858 978 sunt,
883 920 1108 983 adeoque
1131 918 1297 967 noxiae
1321 934 1427 967 esse
1451 933 1554 966 non
1579 918 1696 967 satis
1717 917 1890 984 peritis

438 1004 663 1063 possunt,
701 997 793 1045 nisi
831 996 1130 1046 refellantur.
1202 996 1492 1061 Eademque
1523 997 1588 1046 de
1617 1012 1789 1046 caussa
1812 1013 1892 1045 ce-

438 1083 571 1124 teros
608 1074 772 1123 Taciti
806 1075 1102 1140 interpretes
1138 1075 1440 1124 recentiores
1476 1074 1806 1140 negleximus,
1836 1074 1888 1122 in
1925 1135 1928 1137 Α

437 1154 607 1219 primis
653 1153 847 1202 Ludov.
890 1153 1152 1203 Aurelium
1194 1153 1530 1219 (d'Orleans),
1570 1153 1712 1220 cujus
1757 1169 1892 1203 com-

440 1232 735 1280 mentarium
760 1233 810 1278 in
838 1231 1059 1281 Annales
1079 1232 1228 1280 Paris.
1262 1239 1401 1280 1622.
1423 1233 1614 1281 editum
1632 1232 1891 1290 habemus,

438 1317 489 1359 et
511 1310 542 1359 J
545 1309 762 1358 ulianum
788 1308 1084 1370 Pichonum‚
1117 1310 1202 1375 qui
1232 1311 1283 1358 in
1307 1326 1452 1359 usum
1477 1310 1719 1376 Delphini
1743 1309 1890 1360 Taci-
1917 1359 1921 1361 ,

438 1398 546 1438 tum
582 1388 762 1437 edidit:
801 1404 915 1437 cum
950 1388 1032 1437 hic
1068 1388 1253 1437 nullam
1279 1406 1443 1454 operae
1469 1406 1570 1438 suae
1591 1388 1791 1438 laudem
1814 1395 1892 1437 tu-

437 1467 568 1526 lerit,
592 1466 673 1516 ille
697 1466 844 1515 etiam
868 1467 1167 1533 ineptiarum
1193 1476 1244 1517 et
1265 1476 1589 1534 peccatorum
1613 1484 1746 1534 saepe
1771 1483 1892 1533 pue-

431 1546 596 1595 rilium
620 1545 797 1594 merito
820 1553 1068 1610 arguatur.
1101 1611 1103 1613 q
1139 1546 1256 1596 Vid.
1279 1546 1513 1610 *Fabretn
1550 1548 1614 1596 ad
1651 1545 1891 1596 Column.

439 1623 575 1689 Traj.
600 1641 649 1690 p.
683 1628 786 1671 192.
815 1632 925 1672 253.
953 1632 1050 1674 etc.
1115 1624 1279 1687 Unde,
1300 1625 1402 1674 falli
1436 1632 1576 1692 patet
1610 1625 1891 1674 Fabricium

438 1706 498 1748 τὸν
516 1707 736 1764 μακαρίτην,
763 1719 846 1767 qu]
873 1703 924 1750 in
951 1704 1078 1752 Bibl.
1105 1704 1183 1752 lat.
1205 1704 1270 1753 V.
1293 1703 1333 1752 Ι.
1359 1721 1408 1769 p.
1427 1710 1538 1756 475.
1562 1697 1760 1770 prolato
1776 1702 1891 1753 1000

441 1793 467 1824 e
488 1776 789 1839 Colomesio‚
808 1781 893 1829 ubi
916 1796 1066 1830 novus
1087 1785 1173 1831 sed
1192 1783 1446 1847 aliquando
1461 1784 1647 1847 ineptus
1659 1782 1894 1846 cogitator

438 1864 663 1915 vocatur,
699 1858 965 1918 existimat,
1003 1860 1340 1910 Colomesium
1382 1861 1635 1927 scripsisse
1668 1877 1763 1910 non
1797 1861 1894 1910 ine-

430 1939 558 1997 ptus.
620 1933 894 1986 Accessere
927 1955 1085 2004 nuper
1108 1940 1210 1988 duo
1235 1939 1482 1999 Francici,
1508 1938 1819 1988 Alemannus
1841 1946 1894 1991 et

445 2011 716 2073 Broterius‚
762 2016 825 2064 de
872 2033 1083 2081 quorum
1131 2018 1434 2067 editionibus
1475 2034 1622 2083 supra
1654 2033 1894 2067 memora·

443 2091 635 2139 vimus:
672 2100 881 2158 uterque
918 2112 1034 2143 usus
1065 2103 1141 2145 est
1170 2097 1479 2162 superiorum
1503 2096 1634 2145 notis
1657 2097 1721 2145 ad
1744 2096 1894 2145 inter-

442 2170 773 2234 pretationem
835 2174 1222 2237 pertinentibus:
1285 2182 1508 2224 ceterum
1561 2190 1718 2240 saepex
1747 2173 1894 2223 nimis

442 2248 656 2312 pueriles
691 2258 833 2298 notas
867 2252 1106 2318 scripsere
1152 2261 1204 2302 et
1243 2253 1574 2319 explicavere,
1609 2269 1721 2318 quae
1760 2253 1894 2319 apud

441 2341 533 2373 nos
569 2327 770 2390 quidem
806 2345 954 2378 nemo
989 2331 1053 2380 de
1087 2331 1330 2381 tironibus
1366 2332 1458 2381 sibi
1493 2331 1731 2397 explicari
1754 2330 1894 2390 velit.

444 2405 715 2470 praesertim
752 2422 815 2454 ex
848 2407 926 2467 iis,
962 2409 1045 2473 qui
1081 2411 1143 2458 ad
1179 2409 1413 2460 Tacitum
1447 2410 1717 2475 legendum
1754 2424 1894 2459 acce·

445 2482 582 2529 dant.
642 2483 894 2533 Broterius
929 2486 1078 2535 etiam
1113 2487 1520 2548 Dissertationes,
1543 2496 1601 2538 ut
1622 2488 1895 2547 vocat5ad-

442 2559 588 2619 didit,
606 2560 657 2608 in
682 2562 859 2625 quibus
881 2563 1173 2630 plerumque
1196 2566 1294 2615 loci
1320 2583 1608 2616 communes
1632 2565 1894 2632 antiquarii

445 2643 747 2699 tractantur3
786 2658 932 2706 super
966 2660 1090 2707 quos
1127 2646 1436 2694 commodius
1462 2653 1568 2696 erat
1595 2645 1810 2694 lectores
1833 2645 1896 2693 ad

445 2715 609 2765 lexica
643 2725 728 2766 aut
762 2719 1112 2784 antiquitatum
1142 2724 1408 2788 scriptores
1431 2723 1665 2789 ablegari.
1737 2722 1788 2771 A
1810 2736 1898 2771 no-

440 2794 518 2842 bis
553 2794 755 2859 quidem
793 2813 911 2845 cura
944 2798 1113 2848 habita
1146 2810 1239 2860 est,
1280 2818 1343 2850 ne
1381 2803 1501 2866 quid
1536 2801 1897 2868 inexplicatum

446 2871 855 2938 relinquerem11S‚
901 2875 951 2924 in
999 2894 1099 2941 quo
1144 2878 1332 2929 haercre
1376 2889 1587 2945 possent,
1619 2881 1673 2941 ii,
1713 2880 1799 2946 qui
1833 2880 1897 2930 ad
