1956 3250
363 152 397 203 ii
868 147 1326 205 PRAEFATIO.

363 285 577 337 eandem
601 300 804 351 operam
828 284 995 335 Taciti
1018 286 1155 338 libris
1177 287 1540 356 impenderem.
1578 288 1695 350 Sed,
1711 303 1829 340 cum

364 379 467 414 non
491 364 794 431 ignorarem,
817 372 1006 430 quanto
1028 364 1140 431 plus
1167 361 1351 416 laboris
1379 383 1439 417 ea
1472 366 1524 416 in
1560 384 1613 418 re
1647 383 1830 435 propo-2.

362 451 586 504 neretur‚
615 460 764 510 quam
803 443 856 492 in
893 443 1135 494 Suetonio
1170 444 1526 506 exhausissem,
1550 446 1612 496 ab
1648 461 1711 496 eo
1745 462 1828 497 me

364 522 575 574 consilio
609 517 964 572 alienissimum
986 522 1213 571 ostendi.
1284 522 1438 583 Nam,
1463 531 1523 574 ut
1555 525 1828 587 mitterem,

363 609 553 668 quanto
578 600 825 651 difficilior
861 601 1074 667 scriptor
1105 608 1236 651 esset
1264 600 1490 662 Tacitu5‚
1515 610 1706 668 quanto
1727 620 1829 654 ma-

313 722 317 726 .
354 681 438 749 jor
461 680 626 748 operis
653 678 844 741 moles;
881 678 1006 730 illud
1040 680 1257 746 maxime
1280 680 1590 730 incommodi
1614 697 1676 731 ea
1694 675 1828 746 inre

362 778 491 820 esse,
515 760 651 825 quod
685 760 914 824 nondum
936 758 1197 824 quisquam
1226 758 1477 823 editorum
1513 759 1829 826 superiorum,

361 839 461 890 hoc
495 839 548 888 in
586 855 637 888 se
676 837 860 888 laboris
906 837 1222 904 suscepisset,
1256 845 1315 886 ut
1348 837 1597 888 editiones
1630 846 1827 890 veteres

361 924 596 980 accurate
630 916 762 966 inter
797 933 848 966 se
880 915 1149 975 conferret,
1173 923 1243 975 et,
1266 915 1403 966 unde
1432 914 1587 965 lectio
1612 932 1826 983 quaeque

358 1004 479 1048 nata
513 1002 662 1061 esset,
692 995 1016 1056 ostenderet3
1055 1009 1170 1043 cum
1201 993 1337 1054 satiS,
1365 992 1640 1043 tractandis
1674 993 1828 1045 inter-

357 1075 716 1144 pretandisque
753 1071 1018 1139 aliquoties
1054 1072 1222 1122 Taciti
1259 1071 1419 1133 libris,
1455 1072 1826 1139 cognovissem,

360 1171 463 1217 non
485 1171 650 1222 pauca
667 1169 774 1203 esse
791 1153 845 1201 in
865 1168 1038 1202 eorum
1052 1158 1317 1210 contextU,
1331 1158 1389 1200 ut
1406 1151 1604 1201 duobus
1619 1150 1825 1218 quidem

358 1234 544 1293 abhinc
576 1231 755 1283 seculis
779 1231 943 1281 editus
973 1238 1260 1299 essen-quae
1292 1237 1482 1298 temere
1516 1221 1826 1297 irrepserint,

358 1329 455 1363 nec
475 1329 502 1362 e
518 1311 665 1362 bonis
686 1309 825 1359 libris
847 1307 1107 1358 venerint:
1134 1316 1211 1358 tot
1234 1315 1403 1357 autem
1423 1307 1578 1358 libros
1600 1307 1682 1358 vel
1705 1325 1826 1364 con-

357 1391 576 1456 quirere,
609 1388 691 1439 vel
737 1403 1046 1454 comparare,
1081 1403 1231 1452 quam
1265 1385 1486 1446 difficile,
1523 1403 1674 1452 quam
1719 1402 1824 1438 mo·

354 1470 516 1530 lestiae
559 1468 767 1535 plenum
803 1474 953 1527 esset,
986 1465 1135 1515 facile
1170 1463 1385 1530 intelligi
1426 1480 1591 1531 posse.
1665 1463 1823 1516 Anno

356 1557 526 1611 autem
570 1554 704 1614 post,
750 1562 866 1594 cum
910 1543 1039 1596 ratio
1081 1543 1424 1612 institutorum
1477 1559 1704 1593 meorum
1754 1543 1833 1609 ita!

317 1683 324 1689 .
355 1626 570 1685 tulisset,
592 1632 651 1673 ut
673 1623 864 1689 aliquot
887 1621 1162 1672 Annalium
1193 1621 1345 1672 libros
1375 1621 1588 1688 publicis
1611 1621 1665 1671 in
1691 1621 1824 1673 Aca·

332 1705 524 1756 -demia
543 1702 846 1754 lectionibus
869 1717 1169 1769 enarrarem,
1194 1700 1538 1750 animadversa
1572 1700 1824 1768 exempla·

355 1785 485 1833 rium
529 1782 583 1831 in
626 1780 851 1831 tabernis
891 1779 1103 1830 librariis
1147 1780 1420 1846 paucitate,
1444 1778 1574 1829 serio
1617 1786 1824 1846 rogatus

355 1879 486 1922 sum,
522 1869 581 1911 ut
619 1861 672 1909 id
710 1859 875 1909 oneris
914 1858 1036 1907 mihi
1075 1866 1274 1924 paterer
1313 1857 1506 1923 imponi
1546 1865 1599 1908 et
1636 1873 1821 1909 novam

355 1939 525 1991 Taciti
550 1939 823 1990 editionem
849 1953 1090 1987 curarem.
1162 1935 1395 2002 Recepto
1425 1937 1630 1986 tandem
1666 1953 1822 2003 nego-

353 2020 447 2080 tio,
493 2026 609 2068 ante
655 2016 824 2067 omnia
875 2033 1074 2066 mecum
1121 2014 1378 2075 constitui,
1424 2014 1546 2080 quid
1601 2014 1821 2066 maxime

354 2099 627 2164 agendum,
660 2095 782 2161 quid
817 2093 1011 2144 consilii
1048 2094 1359 2160 sequendum
1393 2101 1641 2158 putarem.
1711 2083 1822 2144 Etsi

355 2183 524 2226 autem
546 2175 798 2233 videbam,
817 2189 948 2222 nova
970 2172 1191 2223 editione
1215 2172 1274 2221 iis
1298 2171 1515 2222 maxime
1533 2169 1820 2222 consultum

354 2254 435 2323 iri,
471 2253 558 2320 qui
593 2252 647 2302 in
684 2251 866 2302 Tacito
900 2250 1120 2317 legendo
1156 2250 1318 2300 aliena
1356 2266 1454 2316 ope
1499 2249 1818 2316 indigerent:

356 2342 526 2383 tamen
547 2331 619 2382 ita
641 2347 722 2381 me
747 2329 1048 2397 comparavi,
1070 2337 1128 2379 ut
1162 2344 1265 2378 non
1298 2327 1417 2378 huic
1452 2329 1606 2381 modo
1640 2327 1713 2380 rei
1747 2343 1821 2380 sa·

352 2410 637 2462 tisfaeerem
665 2425 759 2476 pro
793 2408 1000 2468 viribus,
1023 2408 1111 2458 sed
1147 2407 1297 2458 etiam
1335 2423 1506 2474 operae
1537 2404 1745 2473 aliquid,
1778 2407 1820 2457 si

354 2505 572 2557 possem,
606 2504 838 2537 navarem
884 2484 1067 2536 Tacito
1106 2485 1219 2553 ipsi,
1254 2485 1357 2536 sive
1401 2485 1570 2552 potius
1612 2485 1692 2547 iis,
1731 2485 1820 2552 qui

355 2566 642 2633 interpretis
676 2565 864 2615 auxilio
895 2580 999 2615 non
1034 2565 1306 2614 admodum
1345 2563 1651 2630 indigerent,
1685 2571 1820 2615 cete-

356 2664 487 2707 rum,
511 2645 633 2712 quid
657 2643 864 2693 Tacitus
894 2643 1147 2710 scripserit
1170 2659 1372 2708 quoque
1406 2642 1542 2702 loc0,
1565 2657 1678 2708 quae
1699 2657 1818 2693 vera

288 2761 291 2763 -
356 2735 536 2776 manus·
572 2722 792 2775 auctoris
824 2729 972 2781 esset,
1005 2721 1085 2771 vel
1119 2721 1312 2781 doceri,
1344 2720 1425 2772 vel
1455 2719 1687 2787 judicare
1719 2719 1817 2787 ipsi

355 2803 559 2854 vellent.
619 2801 714 2861 Et,
737 2800 973 2866 quon-iam
999 2799 1137 2867 prior
1158 2799 1243 2849 illa
1266 2798 1462 2849 consilii
1494 2814 1608 2866 pars
1640 2812 1817 2866 proce-

359 2882 477 2935 dere
505 2894 852 2949 saepenumero
881 2894 983 2929 non
1017 2885 1202 2945 potest,
1226 2877 1321 2929 nisi
1355 2878 1421 2929 de
1442 2893 1561 2930 vera
1592 2875 1815 2930 lectione
