1956 3250
427 151 496 206 liv
918 159 1373 211 PRAEFATIO.

426 290 508 339 vel
537 300 815 358 corrupturi.
872 292 938 342 'In
967 309 1067 360 quo
1103 302 1272 345 tamen
1304 295 1418 354 hac,
1442 302 1498 343 ut
1515 293 1688 353 debui,
1712 293 1882 344 mode-

426 369 619 440 ratione
643 387 760 419 usus
784 389 911 431 sum,
931 380 987 421 ut
1010 372 1132 421 nihil
1156 380 1399 422 mutarem
1424 374 1488 422 de
1513 371 1802 438 conjectura
1829 371 1883 419 in

423 454 587 507 textu,
610 448 697 497 ubi
721 465 823 498 non
843 450 1096 499 evidentia
1129 458 1259 500 esset
1294 468 1370 510 ea,
1404 458 1462 500 ut
1495 451 1720 516 quemvis
1746 449 1884 498 vide-

424 541 530 574 rem
563 527 776 592 probare
816 529 1183 579 correctionem
1227 530 1432 588 debere,
1469 529 1555 594 qui
1591 526 1882 578 Latinitatis

421 604 686 665 universae,
710 612 768 653 ut
790 605 1104 656 Cornelianae
1128 607 1349 658 indolem
1373 614 1608 657 accurate
1631 621 1885 673 cognove-

428 683 511 742 rit,
531 690 582 731 et
606 700 748 731 usum
772 684 843 733 rei
871 685 1058 734 criticae
1076 685 1272 735 habeat.

482 773 734 811 Ernestjnam
761 774 973 813 editionem
1001 777 1157 826 repetiit
1177 777 1214 815 J.
1235 776 1289 816 H.
1308 777 1521 815 Dotteville
1539 789 1586 815 ex
1605 777 1682 815 PP.
1699 774 1895 819 oratorii,

424 839 467 876 iu
485 837 657 876 editione
683 843 818 877 curata
844 841 999 879 Parisiis
1018 845 1054 878 S.
1076 842 1150 880 vol.
1171 846 1208 885 7'.
1262 843 1414 880 Prodiit
1445 856 1491 880 ea
1516 842 1679 880 tertium
1707 854 1742 880 a.
1773 844 1887 884 17⁹2.

426 900 577 950 adjecta
606 903 780 941 versione
809 903 972 950 Gallica,
1003 907 1147 954 partim
1175 905 1358 944 Bletterii
1386 906 1561 950 Abbatisa,
1594 906 1738 956 partim
1767 905 1888 955 ipsius

428 966 600 1004 editoris.
647 968 826 1005 Contulit
843 968 904 1006 hic
923 968 1053 1007 denuo
1067 970 1240 1008 codicem
1260 971 1480 1008 Parisinum
1499 971 1742 1022 bibliothecae
1761 970 1889 1007 natio-

428 1031 540 1075 nalis,
570 1032 742 1083 itemque
769 1033 889 1070 alium
921 1036 1238 1085 congregationis
1266 1047 1360 1081 suae,
1392 1033 1504 1083 cujus
1533 1034 1655 1073 ductu
1681 1034 1773 1072 hinc
1796 1032 1888 1071 inde

426 1096 604 1148 quaedam
625 1097 790 1134 mutavit
807 1098 849 1134 in
868 1103 992 1136 textu.

493 1172 592 1221 Sed
623 1171 704 1220 hic
741 1172 862 1220 mihi
895 1174 1118 1223 audaciae
1154 1175 1341 1224 invidia
1378 1176 1696 1241 deprecanda
1732 1174 1886 1224 estin

427 1268 507 1311 eo,
533 1253 669 1316 quod
693 1268 795 1299 non
818 1268 920 1300 uno
943 1252 1059 1301 loco
1091 1271 1170 1303 me
1212 1255 1513 1313 existimare,
1538 1261 1626 1302 aut
1646 1252 1884 1319 suspicari

423 1329 671 1395 professus
718 1347 844 1389 sum,
886 1330 1120 1379 Tacitum
1158 1332 1512 1398 interpolatum
1553 1348 1678 1392 esse,
1715 1338 1774 1380 ut
1816 1331 1882 1380 A.

426 1407 575 1467 XVI,
601 1417 644 1455 2.
672 1408 722 1456 in
747 1425 872 1457 voce
895 1409 1146 1469 vigoribus,
1172 1411 1222 1458 in
1248 1409 1421 1459 Germ.
1449 1416 1526 1458 39.
1554 1417 1604 1459 et
1634 1409 1739 1458 aliis
1763 1425 1886 1458 non-

427 1485 576 1535 nullis
613 1485 752 1534 lociS.
824 1485 1015 1535 Possim
1053 1504 1132 1536 me
1173 1487 1320 1547 tucri,
1362 1488 1508 1537 sociis
1546 1488 1686 1536 istius
1725 1486 1886 1553 culpae

426 1565 892 1613 commemorandis.
965 1565 1212 1620 Gruterus
1236 1567 1437 1631 quidem
1453 1566 1632 1632 passim
1656 1570 1886 1628 ἐμέλῆματα

426 1642 672 1708 agnoscit,
690 1642 1019 1707 reprehensus
1039 1659 1100 1692 eo
1123 1644 1324 1693 nomine
1350 1662 1378 1693 a
1399 1644 1431 1694 J
1434 1659 1507 1692 ae.
1535 1643 1798 1699 Gronovio
1820 1646 1886 1694 ad

427 1721 487 1770 L.
515 1720 606 1769 IV.
635 1719 818 1768 Annal.
854 1728 905 1769 et
929 1720 1177 1781 Graevius,
1200 1730 1257 1770 ut
1280 1739 1427 1787 supra
1449 1722 1574 1781 dixi,
1600 1721 1750 1771 etiam
1773 1719 1886 1772 illos

426 1798 794 1864 antiquissimos
820 1800 968 1848 codd.
995 1799 1310 1848 Florentinos
1340 1800 1680 1866 interpolatos.
1688 1799 1885 1866 judica-

418 1878 521 1927 bat.
580 1877 680 1925 Sed
702 1893 804 1925 non
832 1885 942 1926 utar
979 1878 1074 1926 ista
1104 1878 1411 1928 defensione.
1484 1879 1687 1928 Etenim
1716 1892 1886 1928 exem·

422 1956 517 2024 plis
540 1955 600 2003 iis
624 1955 796 2004 doceri
826 1963 1011 2021 potest,
1037 1956 1238 2005 codices
1275 1956 1442 2005 Taciti
1481 1957 1630 2006 etiam
1668 1955 1892 2022 optimos·

424 2033 750 2099 interpolatos
774 2050 900 2093 esse,
925 2036 989 2084 de
1021 2050 1122 2100 quo
1153 2049 1301 2084 nemo
1327 2035 1478 2085 hodie
1512 2035 1728 2094 dubitet,
1751 2041 1886 2100 post-

423 2128 573 2176 quam
597 2128 627 2159 a
648 2110 820 2176 Lipsio
858 2112 1178 2177 Pichenaque
1203 2129 1261 2162 ea
1284 2113 1390 2178 ipsa
1413 2119 1640 2175 ὲμὲλῆματα
1663 2119 1779 2161 sunt
1802 2127 1887 2161 ex-

424 2197 573 2239 emta.
643 2189 708 2237 V.
734 2188 870 2255 Lips.
896 2192 959 2239 ad
980 2190 1045 2238 A.
1066 2190 1215 2249 XIV,
1242 2200 1284 2238 8.
1313 2198 1439 2240 extr.
1472 2198 1524 2240 et
1556 2189 1695 2238 Picb.
1722 2191 1786 2238 ad
1813 2188 1884 2239 H.

426 2266 531 2327 III,
555 2275 634 2314 20.
661 2283 741 2316 me
765 2269 828 2316 ad
853 2267 1001 2328 XVI,
1025 2277 1071 2317 2.
1144 2268 1212 2316 H.
1240 2268 1341 2328 III,
1362 2276 1406 2321 7.
1434 2277 1478 2317 8.
1550 2266 1611 2316 In
1634 2267 1805 2333 primis
1830 2267 1885 2316 in

425 2345 608 2394 Tacito
638 2345 1048 2411 interpolationes
1070 2346 1218 2395 factae
1241 2354 1356 2395 sunt
1379 2347 1569 2395 duabus
1594 2347 1657 2395 de
1683 2345 1884 2395 caussis-

427 2423 614 2482 Primo,
647 2424 877 2472 concisus
915 2426 1126 2490 scriptor
1164 2440 1277 2474 eum
1314 2432 1461 2484 esset,
1486 2424 1663 2490 glossae
1688 2423 1886 2490 saepius,

428 2518 577 2567 quam
600 2500 652 2548 in
676 2500 783 2549 aliis
801 2501 957 2562 libris,
980 2503 1032 2551 in
1055 2503 1278 2568 margine
1304 2511 1390 2552 aut
1421 2504 1552 2552 inter
1572 2517 1743 2552 versus
1768 2501 1887 2550 scri-

427 2587 528 2645 ptae
565 2586 698 2638 sunt,
727 2596 839 2644 quae
870 2581 1070 2630 inscitia
1098 2580 1410 2630 librariorum
1440 2581 1587 2631 facile
1611 2581 1663 2629 in
1687 2587 1884 2630 textum

427 2656 598 2706 venire
613 2665 859 2722 ,potuerez
897 2659 1029 2708 sicut
1051 2675 1153 2708 non
1173 2676 1274 2708 uno
1297 2659 1411 2709 loco
1435 2659 1716 2718 docuimuS,
1730 2657 1888 2706 vari-e·-

426 2735 583 2784 tatem
604 2734 854 2796 lectionis,
886 2737 938 2784 in
977 2737 1200 2803 margine
1219 2737 1473 2803 scriptam,
1497 2738 1549 2785 in
1572 2743 1768 2786 textum
1793 2734 1883 2783 mi·-

429 2829 628 2878 grasse3
673 2815 809 2878 quod
845 2822 897 2863 et
931 2814 984 2863 in
1025 2815 1130 2863 aliis
1170 2815 1492 2880 scriptoribus
1529 2814 1746 2879 antiquis
1781 2828 1885 2863 non

431 2907 541 2941 raro
563 2889 767 2941 factum.
837 2892 1039 2944 Deinde
1078 2892 1224 2950 MSS.
1248 2893 1300 2941 in
1332 2893 1407 2942 his
1441 2891 1887 2958 Guelferbytanus,
