1956 3250
410 125 480 176 lvi
847 123 1298 177 PRAEFATIO.

413 268 580 310 autem
613 260 714 309 duo
735 277 946 326 genera:
985 260 1194 310 alterum
1219 276 1409 319 eorum,
1434 259 1518 324 qui
1543 259 1606 308 de
1629 258 1860 308 emenda·

410 339 550 388 tione
575 347 939 404 corruptorum,
954 347 1006 388 et
1023 338 1355 404 explicatione
1380 338 1704 387 obscurorum
1725 337 1861 387 labo·

411 424 612 466 rarunt:
649 417 858 466 alterum
894 418 1090 475 horum,
1115 416 1199 481 qui
1229 416 1509 482 prudentiae
1532 415 1688 464 civilis
1711 431 1740 465 e
1764 414 1861 464 Ta-

412 497 516 546 cito
561 496 812 545 discendae
857 496 1117 560 magistros
1155 512 1206 544 se
1243 494 1449 560 professi
1495 501 1624 543 sunt.
1695 491 1861 559 Hujus

379 581 382 582 ’
411 573 608 640 generis
649 590 829 638 magna
867 573 1135 622 multitudo
1175 573 1415 639 superiori
1454 571 1637 622 saeculo
1676 571 1859 623 extitit.

412 652 614 702 Etenim
651 659 846 717 tempus
885 651 998 711 fuit,
1033 668 1131 717 quo
1155 652 1207 700 in
1230 668 1412 716 magno
1434 650 1596 716 pretio
1618 649 1712 700 ista
1733 649 1862 699 ratio

411 729 694 788 haberetur,
719 737 869 794 atque
897 729 1240 779 adolescentes
1278 730 1458 795 cupide
1490 737 1541 778 et
1574 719 1862 794 frequenter

413 809 476 856 ad
500 807 691 856 scholas
717 808 1043 867 confluerent,
1080 808 1131 856 in
1169 808 1347 873 quibus
1371 825 1472 856 non
1497 815 1597 856 tam
1621 808 1862 872 agebatur

411 885 527 944 hoe,
552 892 608 937 ut
638 885 845 934 Tacitus
882 895 1018 936 recte
1050 886 1429 950 intelligeretur,
1454 902 1600 950 quam
1625 894 1681 934 ut
1705 884 1862 934 civilis

408 964 694 1030 prudentia,
724 972 780 1012 ut
811 964 1088 1030 jactabant,
1114 981 1139 1013 e
1165 962 1344 1012 Tacito
1365 963 1667 1013 disceretur:
1710 962 1862 1011 allici-

412 1043 608 1092 entibus
649 1042 903 1091 stultitiam
947 1042 1319 1092 adolescentum
1355 1041 1483 1089 illius
1514 1041 1717 1090 rationis
1738 1040 1861 1106 prie-

411 1121 638 1180 conibus,
663 1121 747 1186 qui
771 1121 998 1186 politicas
1026 1129 1155 1170 artes
1190 1122 1397 1169 induere
1433 1120 1514 1168 isti
1545 1120 1678 1168 aetati
1710 1118 1860 1168 stulte

410 1206 677 1248 tentarent.
749 1199 894 1247 Abiit
915 1206 1111 1264 tempus
1134 1198 1271 1247 illud.
1344 1198 1577 1264 Coeptum
1609 1206 1684 1248 est
1717 1197 1862 1247 intel‘-
1908 1194 1915 1199 ’

410 1274 517 1341 ligi,
563 1294 709 1342 quam
747 1293 920 1342 parum
961 1276 1093 1325 utilis
1138 1277 1189 1325 in
1232 1294 1292 1327 eo
1332 1276 1472 1326 labor
1511 1276 1858 1342 susciperetur.

411 1354 590 1419 Itaque
627 1365 678 1404 et
715 1355 827 1403 libri
853 1372 912 1404 ex
940 1372 1000 1404 eo
1023 1372 1207 1420 genere
1232 1372 1327 1405 nec
1351 1354 1670 1420 requiruntur
1691 1354 1861 1413 hodie,

409 1450 505 1483 nee
549 1433 799 1498 leguntur.
865 1433 1068 1482 Merito.
1129 1434 1328 1483 Etenim
1371 1433 1478 1482 haec
1524 1433 1649 1482 ratio
1696 1432 1861 1482 Taciti

408 1511 785 1576 interpretandi,
824 1529 934 1577 quae
973 1513 1303 1578 congerendis
1336 1511 1575 1561 similibus
1600 1511 1860 1560 sententiis

408 1589 766 1655 exemplisque,
799 1599 849 1639 et
889 1589 1146 1639 eliciendis
1187 1591 1483 1656 quibusdam
1522 1589 1860 1648 consectariis,

407 1669 472 1716 ad
508 1685 668 1717 mores
696 1669 946 1734 vitamque
988 1669 1254 1718 humanam
1294 1668 1678 1735 pertinentibus,
1703 1667 1860 1717 conti-

408 1753 573 1805 netur,
611 1758 704 1799 nec
742 1746 930 1812 ingenii
967 1747 1155 1813 aliquid
1191 1747 1415 1812 requirit,
1451 1763 1546 1796 nec
1593 1747 1859 1813 quicquam

409 1827 578 1884 docet,
597 1826 732 1889 quod
752 1842 851 1874 non
878 1843 965 1875 sua
988 1834 1165 1891 sponte
1189 1823 1344 1874 cuivis
1362 1823 1412 1874 in
1433 1833 1651 1876 mentem
1674 1825 1860 1885 veniat,

408 1902 495 1953 ubi
517 1903 668 1953 verba
683 1902 847 1954 Taciti
862 1911 999 1953 recte
1018 1903 1334 1953 intellexerit.
1370 1903 1639 1953 Verissime
1664 1903 1862 1953 Gordo-

410 1997 521 2039 nus,
546 1979 829 2040 Britannus,
854 1981 905 2029 in
930 1983 1126 2047 Disput.
1152 1982 1386 2031 historicis
1415 1988 1464 2030 et
1480 1982 1687 2046 politicis
1717 1998 1862 2047 super

413 2059 569 2108 Taciti
604 2059 736 2112 libris
776 2061 833 2108 T.
859 2061 908 2108 I.
940 2078 988 2125 p.
1017 2067 1094 2113 72.
1164 2065 1197 2090 “
1223 2062 1304 2110 De
1340 2065 1443 2110 tous
1478 2061 1544 2109 les
1579 2061 1861 2110 Commenta-

411 2145 539 2188 teurs
557 2138 823 2202 Politiques
841 2140 898 2187 de
916 2139 1096 2198 Tacite,
1107 2138 1161 2205 je
1185 2141 1303 2189 n'en
1322 2146 1498 2190 trouve
1517 2156 1613 2205 que
1630 2140 1748 2189 bien
1762 2156 1861 2205 peu
1936 2145 1939 2147 ’

411 2216 746 2269 d'estimables
763 2234 781 2267 ·.
806 2216 860 2281 je
883 2217 1018 2282 parle
1043 2219 1106 2267 de
1132 2233 1279 2278 ceux,
1305 2235 1402 2283 que
1422 2217 1513 2284 j’ai
1537 2234 1644 2276 vus,
1669 2219 1794 2267 dont
1814 2217 1862 2266 la

407 2294 607 2361 plupart
643 2302 756 2345 sont
792 2313 854 2344 au
887 2297 1090 2345 dessous
1127 2298 1195 2346 du
1222 2297 1489 2346 mediocre.
1560 2295 1633 2346 Ce
1661 2312 1726 2346 ne
1749 2302 1862 2345 sont

409 2389 509 2436 que
532 2373 619 2422 des
643 2373 989 2438 compilations
1015 2391 1324 2441 ennuyeuses
1343 2376 1406 2424 de
1425 2375 1559 2424 lieux
1584 2391 1861 2434 communs,

410 2452 499 2500 des
522 2451 840 2516 paraphrases
861 2451 1239 2517 languissantes,
1262 2453 1328 2502 ou
1357 2453 1404 2502 le
1428 2469 1539 2503 sens
1574 2455 1637 2503 de
1676 2452 1862 2519 l’origi-

411 2528 493 2581 nal
528 2536 603 2578 est
639 2530 775 2595 noyer
805 2531 927 2578 dans
968 2532 1055 2581 des
1097 2531 1423 2596 explications
1452 2531 1754 2597 superflues:
1789 2531 1862 2580 les

409 2606 673 2659 reflexions
695 2606 884 2672 pleines
909 2610 971 2658 de
995 2609 1078 2659 feu
1102 2611 1165 2660 de
1185 2609 1382 2669 Tacite,
1400 2628 1433 2676 y
1452 2617 1565 2660 sont
1585 2609 1863 2660 converties

411 2701 474 2735 en
499 2685 738 2734 maximes
770 2686 929 2746 usees,
960 2696 1170 2736 souvent
1206 2687 1689 2738 malheureusement
1709 2695 1865 2737 trans-

409 2762 641 2822 forme'es‚
674 2762 723 2811 la
754 2763 953 2829 plupart
981 2765 1180 2814 frivoles
1206 2774 1257 2814 et
1280 2765 1541 2826 affectecs3
1581 2783 1640 2815 ce
1664 2781 1727 2815 ne
1751 2773 1865 2815 sont

411 2856 594 2913 encore
618 2849 829 2893 souvent
852 2858 948 2910 que
973 2843 1060 2892 des
1085 2843 1220 2893 idees
1246 2860 1554 2904 communes,
1570 2845 1598 2894 a
1619 2843 1667 2894 la
1689 2842 1862 2910 portee
