1924 3236
375 147 452 182 362
913 146 1274 188 ANNALIUM

267 253 306 286 A.
322 254 366 286 U.
437 243 489 285 C.
510 243 672 297 Cestio,
695 244 763 287 M.
786 245 967 288 Servilio
992 260 1123 289 coss.
1144 249 1307 292 nobiles
1331 249 1479 293 Parthi
1502 250 1543 293 in
1568 253 1715 295 urbem
1734 267 1807 295 ve·

270 301 353 372 Αῖθῗέ
378 313 491 353 nere,
530 303 680 360 ignaro
720 318 819 360 rege
857 303 1093 346 Artabano.
1114 328 1117 330 v
1155 305 1212 357 Is,
1243 315 1358 348 metu
1403 309 1651 352 Germanici
1690 310 1800 353 fidus

289 357 603 414 3'5JR0manis,
625 360 848 415 aequabilis
871 361 913 401 in
945 375 1058 412 suos,
1082 376 1184 403 mox
1212 364 1457 419 superbiam
1489 367 1531 408 in
1564 369 1803 419 nos‚·saevi—

310 432 360 469 31
378 416 481 457 tiam
505 418 546 458 in
573 417 795 481 populares
818 418 1027 474 sumpsit3
1059 418 1192 460 fretus
1229 420 1362 473 bellis,
1384 437 1480 477 quae
1513 425 1698 467 secunda
1729 425 1803 466 ad-

377 487 545 515 versum
583 483 882 529 Circulnjectas
924 484 1121 517 nationes
1161 488 1425 530 exercuerat,
1454 488 1499 519 et
1538 491 1802 523 senectutem

373 530 551 582 Tiberii,
577 540 626 571 ut
659 532 878 582 inermem,
908 532 1163 587 despiciens,
1197 535 1431 591 avidusque
1461 536 1692 589 Armeniae,
1713 539 1801 590 cui,

372 587 579 629 defuncto
603 587 724 643 Rege
745 588 941 640 Artaxia,
957 589 1162 641 Arsacen,
1182 591 1413 633 liberorum
1434 607 1607 635 suorum
1625 587 1800 637 veterri-

373 659 509 695 mum,
534 646 739 701 inposuit,
769 645 915 687 addita
944 647 1218 699 contumelia,
1241 658 1284 690 et
1315 650 1468 701 missis,
1491 651 1801 707 qui¹gazam‚*a

378 700 540 743 Vonone
560 702 739 744 relictam
759 703 803 744 in
826 702 950 759 Syria
973 702 1213 761 Ciliciaque,
1237 717 1521 762 reposcerent,
1543 709 1668 750 simul
1697 716 1802 751 vete-

373 773 433 800 res
455 758 677 801 Persarum
697 774 743 801 ac
766 759 1036 802 Macedonum
1064 763 1266 814 terminos,
1289 778 1419 820 seque
1448 765 1683 807 invasurum
1708 774 1802 822 pos'·

369 831 473 858 sessa
505 815 630 872 Cyro,
650 823 687 859 et
708 824 803 874 post
822 817 1072 869 Alexandro,
1096 833 1169 875 per
1190 820 1551 876 vaniloquentiam
1583 837 1635 864 ac
1662 824 1806 865 minas

364 873 574 929 jaciebat.
605 874 687 916 Sed
712 874 880 917 Parthis
903 876 1100 918 mittendi
1121 887 1303 918 secretos
1322 879 1495 920 nuntios
1512 880 1798 923 validissimus

372 940 522 973 auctor
554 931 638 973 fuit
667 932 886 979 Sinnaces,
909 932 1065 985 insigni
1099 932 1275 983 familia,
1296 949 1346 975 ac
1369 936 1543 991 perinde
1562 937 1733 993 opibus,
1755 946 1801 980 et

372 989 596 1044 proximus
628 989 730 1030 huic
752 989 917 1040 Abdus,
940 989 1152 1045 ademptae
1177 991 1406 1032 virilitatis.
1428 1006 1514 1033 non
1546 993 1797 1049 despectum

371 1046 417 1087 id
439 1047 550 1103 apud
576 1047 792 1098 barbaros,
814 1046 1010 1101 ultroque
1034 1047 1273 1103 potentiam
1295 1047 1441 1089 habet.
1488 1049 1540 1100 Ii,
1561 1050 1734 1092 adscitis
1755 1054 1799 1093 e‘t

371 1103 464 1144 aliis
489 1104 760 1160 primoribus,
776 1104 878 1159 qnia
900 1106 1114 1145 neminem
1137 1105 1278 1160 gentis
1298 1105 1599 1148 Arsacidarum
1619 1120 1797 1150 summae

370 1161 430 1201 rei
454 1161 658 1217 inponere
681 1170 892 1217 poterant,
906 1160 1143 1202 interfectis
1164 1162 1219 1203 ab
1241 1161 1467 1205 Artabano
1481 1163 1799 1219 plerisque,aut

369 1218 560 1260 nondum
583 1218 754 1268 adultis,
779 1218 1038 1270 Phrahaten,
1064 1219 1197 1275 Regis
1222 1218 1452 1262 Phrahatis
1483 1220 1634 1271 filium,
1659 1221 1799 1263 Roma

371 1275 630 1332 poscebant:
659 1275 831 1317 Nomine
846 1283 1001 1317 cantum
1019 1283 1054 1317 et
1075 1283 1236 1318 auctore
1256 1291 1366 1332 opus,
1387 1284 1433 1319 ut
1451 1285 1587 1333 sponte
1610 1276 1797 1331 Caesaris,

303 1337 356 1375 :32
371 1341 414 1374 ut
431 1347 557 1403 genus
577 1332 759 1385 Arsacis,
781 1333 913 1388 ripam
933 1333 1044 1389 apud
1060 1332 1284 1388 Euphratis
1300 1342 1538 1377 cerneretur.
1586 1334 1797 1392 Cupitum

367 1390 413 1432 id
442 1389 470 1431 Γ
474 1390 622 1431 iberio.
637 1400 760 1432 ornat
783 1390 1331 1448 Phrahaten,accingitque
1353 1402 1574 1449 paternum
1597 1393 1650 1434 ad
1674 1391 1794 1434 fasti-

368 1447 487 1504 gium
504 1464 513 1490 z
545 1447 757 1489 destinata
775 1449 975 1499 retinens,
997 1447 1185 1489 consiliis
1203 1457 1247 1489 et
1264 1457 1356 1490 astu
1389 1463 1453 1491 res
1473 1459 1670 1491 externas
1703 1464 1796 1491 mo-

369 1505 452 1558 liri,
481 1519 599 1546 arma
632 1503 781 1562 procul
814 1505 983 1547 babere.
1045 1505 1228 1557 Interea,
1247 1507 1436 1563 cognitis
1470 1506 1648 1559 insidiis,
1669 1505 1796 1549 Arta-

368 1627 483 1658 shemii
519 1628 722 1667 conjectura,
760 1628 812 1659 vix
853 1627 1063 1659 commodum
1107 1636 1239 1668 ramque
1264 1629 1313 1659 sui
1351 1629 1494 1670 corporis
1522 1627 1598 1659 solis
1632 1627 1795 1660 commisit

367 1679 498 1701 sensum
516 1671 612 1710 parit.
658 1671 743 1702 Eun.
1104 1670 1263 1701 eunuchis
1275 1682 1282 1700 ε
1297 1675 1331 1701 et
1340 1672 1492 1702 intimam
1503 1670 1613 1702 aulam
1624 1681 1663 1701 ex
1671 1669 1735 1701 hoe
1746 1679 1796 1701 se-

414 1713 449 1743 C.
478 1712 590 1752 Cestio]
618 1713 648 1743 Is
670 1724 722 1754 ap.
747 1712 888 1744 Diouem
917 1713 949 1742 in
973 1712 1063 1743 Sei-ie
1105 1712 1222 1742 miviro
1246 1722 1363 1752 genere
1387 1714 1575 1749 constituit,
1590 1712 1680 1753 quasi
1705 1712 1795 1743 fidis-

368 1755 466 1786 Coss.
478 1755 594 1786 Gallus
609 1756 872 1795 cognominatur.
908 1754 1027 1786 Difl'ert
1044 1764 1062 1785 a
1104 1754 1197 1784 simo.
1227 1755 1340 1794 ltaque
1355 1755 1505 1796 deinceps
1515 1756 1551 1786 in
1567 1755 1702 1797 honore.
1731 1754 1794 1786 Sed

368 1798 407 1827 C.
430 1797 555 1836 Cestio,
577 1799 668 1840 cujus
689 1797 831 1840 pyramis
845 1796 974 1828 Romae.
1018 1797 1058 1828 V.
1102 1802 1136 1826 et
1151 1797 1255 1827 Persae
1267 1798 1360 1838 primi
1379 1798 1516 1837 privasse
1525 1798 1594 1828 viro
1603 1796 1796 1829 creduntur.

367 1838 525 1880 Ryckius.
1103 1838 1288 1877 Stephanus
1310 1839 1348 1869 de
1371 1839 1451 1870 Urb.
1494 1837 1615 1875 taram,
1637 1837 1793 1881 οὗῖιτίςυς,

407 1881 600 1922 AEqnubilis
616 1882 651 1913 in
665 1880 750 1921 suos]
766 1880 789 1911 ἰ.
804 1891 833 1912 e.
847 1879 943 1917 lenis,
958 1880 1060 1918 mitis,
1102 1879 1186 1919 κώμη
1218 1881 1357 1924 Περσικὴ,
1379 1882 1404 1912 ὲν
1431 1880 1453 1924 ᾗ
1480 1882 1581 1925 πρώτῃ
1611 1881 1792 1922 ιῦνονχισμδς

366 1925 623 1963 aequus‚justus.
667 1923 754 1954 Nam
773 1923 935 1963 oequabz'lz's
957 1923 1059 1953 inter-

365 1966 444 1996 dum
467 1966 588 1997 dicitur
602 1975 660 2007 pro
676 1967 819 2006 (equalis,
834 1971 871 1995 nt
882 1975 934 2005 ap.
950 1964 1056 1996 Cicer.

366 2008 433 2039 Off.
456 2012 489 2046 2,
508 2011 558 2039 ll.
582 2009 747 2048 aequabilis
765 2007 886 2048 proedoe
909 2008 1057 2046 partitio.

365 2051 429 2082 Sed
455 2052 652 2091 ‹equalitaeis
677 2050 774 2081 verbo
803 2049 895 2080 notin
919 2049 1058 2088 justitia!

364 2093 521 2123 adhaesit:
539 2103 614 2124 nam
632 2094 764 2133 (equalis
774 2102 804 2123 v.
817 2103 845 2123 c.
854 2093 991 2131 partitio
1005 2097 1055 2122 est

362 2134 477 2166 eadem
488 2136 601 2175 justa,
618 2141 652 2166 et
667 2135 743 2165 hinc
756 2135 855 2166 etiam
872 2134 1053 2172 civilitatis,

362 2176 520 2209 lenitatis.
542 2177 615 2209 Vid.
632 2176 723 2208 Clav.
741 2178 811 2208 Cic.
835 2177 920 2207 ERN.

407 2218 611 2251 Senectutem
623 2219 743 2250 Tiberii
750 2223 787 2249 ut
796 2217 967 2258 inermem]
982 2217 1055 2248 Hoc

362 2266 426 2299 est,
442 2262 551 2293 liberis
565 2267 742 2293 carentem.
773 2261 854 2292 Vide
869 2261 957 2293 dicta
970 2260 1009 2290 ad
1028 2263 1055 2297 Ι,

362 2306 395 2335 3.
439 2305 492 2336 Sic
517 2305 618 2335 etiam
649 2302 887 2335 Freinshemius
900 2314 909 2342 3
946 2313 965 2334 a
991 2312 1056 2342 quo

363 2347 434 2377 sine
461 2355 574 2378 caussa
594 2346 711 2377 idonea
723 2345 875 2377 dissentit
887 2347 959 2377 Jac.
974 2345 1057 2375 Gro-

363 2389 489 2419 novius.
533 2388 620 2420 ERN.

402 2431 563 2471 Artaxia]
589 2431 650 2462 Cui
672 2429 886 2461 Germanicus
907 2429 1057 2460 diadema

374 2473 590 2513 imposuerat.
607 2477 640 2510 2,
656 2474 706 2504 56.

402 2515 575 2555 Imposuit]
591 2516 621 2547 T
622 2523 791 2556 emporum
806 2514 889 2544 ratio
898 2513 1056 2544 desiderat

359 2557 570 2597 imposuerat,
584 2558 669 2588 sicut
684 2558 786 2588 etiam
809 2562 886 2586 ante
901 2561 950 2586 est
964 2565 1055 2586 exer—

359 2603 475 2630 cuerat
485 2612 495 2629 .·
508 2603 541 2630 et
557 2600 602 2631 sic
615 2599 769 2631 Tacitum
782 2598 944 2639 scripsisse
959 2602 1051 2638 puto.

360 2641 496 2672 Frustra
507 2641 695 2681 obloquitur
708 2640 896 2678 Broterius3
912 2650 988 2671 nam
999 2651 1053 2671 ex-

360 2683 472 2723 empla
484 2683 604 2714 similia
618 2693 685 2714 non
704 2683 835 2719 docent,
851 2687 921 2713 tam
937 2692 1052 2722 parum

361 2724 480 2756 Latine
489 2726 652 2766 scripsisse
661 2729 820 2760 auctores,
830 2724 885 2755 sed
898 2733 983 2765 saepe
993 2725 1054 2755 ini-

359 2768 483 2809 peritos
492 2767 639 2798 librarios
650 2767 735 2798 male
741 2766 955 2807 descripsisse.
966 2766 1053 2798 ERN.

401 2810 436 2841 A
456 2809 596 2850 Vonone]
621 2810 672 2841 De
695 2808 757 2839 hoc
779 2810 811 2847 2,
835 2811 862 2839 l.
885 2812 918 2844 4,
935 2812 987 2846 58,
1002 2809 1054 2840 68.

374 2864 377 2866 “
402 2853 482 2888 Non
503 2851 700 2893 despectum]
731 2852 782 2882 Ex
802 2851 957 2881 instituto
980 2850 1056 2891 Cyri

359 2894 446 2935 apud
459 2894 613 2936 Xenoph.
627 2897 660 2934 7,
676 2897 706 2927 5.
721 2894 778 2935 qui
794 2892 975 2925 custodiam
997 2902 1057 2934 cu-

1102 1922 1226 1962 γέγονεν.
1270 1924 1441 1955 Petronius
1456 1935 1484 1955 c.
1505 1928 1576 1959 119.
1609 1924 1794 1955 Persarum

1099 1966 1182 2001 ritu,
1197 1967 1282 1996 male
1299 1967 1543 2005 pubescentibus
1563 1967 1660 1997 amnis
1676 1965 1793 1998 Surri-

1095 2017 1197 2046 puere
1211 2009 1305 2043 viros,
1316 2012 1503 2049 exsectaque
1512 2007 1739 2048 visceraferro
1752 2007 1794 2040 bn

1102 2049 1254 2080 Venerem
1258 2049 1409 2091 fregere.
1452 2050 1517 2082 Alii
1531 2050 1571 2081 ad
1586 2050 1792 2082 Semiramim

1098 2093 1256 2130 referunt,
1270 2097 1307 2124 ut
1322 2093 1517 2124 Ammianus
1532 2095 1582 2130 14,
1597 2093 1629 2124 6.
1657 2091 1794 2124 Utram-

1097 2144 1159 2174 que
1176 2134 1296 2165 famam
1320 2135 1429 2176 posuit
1443 2134 1644 2166 Claudianus
1666 2135 1700 2165 in
1723 2133 1791 2166 Eu-

1097 2182 1185 2217 trop.
1205 2179 1233 2213 l,
1255 2179 1328 2211 339.
1341 2186 1438 2208 -wreu
1457 2178 1571 2217 prima
1597 2177 1793 2208 Semiramis

1098 2223 1173 2249 astu
1194 2219 1336 2258 Assyriis
1356 2220 1493 2250 mentita
1514 2219 1636 2257 virum,
1653 2228 1694 2250 ne
1707 2219 1794 2251 vocis*

1098 2265 1204 2291 ασκεω
1218 2262 1383 2298 Muttines,
1401 2262 1550 2301 laevesque
1562 2270 1653 2300 genoe
1668 2271 1700 2291 ss
1713 2270 1791 2301 pro-

1098 2303 1173 2333 dere
1176 2308 1314 2342 possent,
1325 2303 1396 2334 Hos
1403 2305 1461 2334 sibi
1470 2302 1638 2344 conjuncte
1652 2304 1772 2334 similes
1782 2315 1793 2333 .-

1097 2355 1153 2375 sea
1166 2345 1302 2376 Persica
1303 2344 1402 2385 ferro
1413 2346 1579 2377 Luxuries
1588 2346 1689 2376 vetuit
1701 2346 1791 2376 nasci

1099 2389 1268 2427 lanuginis
1281 2389 1445 2419 umbram.
1477 2387 1541 2419 Ubi
1556 2388 1713 2429 scriptum
1739 2392 1792 2417 et-

1098 2430 1176 2466 iam,
1188 2429 1365 2460 Parthica.
1380 2430 1473 2461 nullo
1481 2430 1573 2466 vitio,
1587 2430 1662 2469 quia
1677 2429 1789 2469 populi

1098 2471 1120 2502 ii
1136 2478 1217 2503 tunc
1231 2472 1368 2503 confusi.
1404 2472 1494 2503 Lirs.
1541 2471 1636 2503 Unde
1650 2471 1790 2510 factum,

1098 2519 1137 2544 ut
1155 2514 1314 2546 Eunuchi
1327 2524 1385 2554 pro
1404 2514 1612 2554 primoribus,
1628 2513 1791 2552 magnati·

1099 2556 1158 2586 bus
1173 2557 1372 2593 dicerentur,
1390 2562 1426 2587 nt
1441 2556 1560 2588 docent
1574 2557 1632 2587 viri
1647 2554 1733 2586 docti
1750 2554 1792 2586 ad

1093 2599 1205 2629 Actor.
1224 2601 1255 2635 5,
1273 2601 1325 2632 27.
1369 2598 1456 2630 Ean.
1783 2615 1785 2618 ⁴

1138 2640 1348 2680 phrahatem]
1366 2641 1417 2671 Cf.
1435 2643 1466 2678 (Ζ,
1483 2644 1513 2677 1,
1530 2642 1561 2672 2.

1138 2683 1282 2713 Nomine
1293 2687 1323 2713 et
1338 2683 1482 2723 auctore]
1500 2681 1643 2714 Nomine
1655 2681 1738 2711 refer
1749 2678 1788 2711 ad

1094 2734 1199 2763 genus
1208 2725 1341 2755 Arsacis
1351 2737 1360 2754 .·
1372 2729 1506 2756 auctore
1513 2730 1623 2755 autem
1633 2723 1672 2753 ad
1681 2727 1792 2762 sponte

1102 2766 1237 2798 Casuras
1251 2766 1272 2797 i.
1288 2776 1316 2796 e.
1325 2767 1431 2804 jussu,
1447 2772 1483 2798 ut
1498 2775 1607 2807 supra.
1645 2765 1732 2796 ERN.

1145 2808 1190 2841 Ut
1201 2812 1309 2848 sponte
1328 2808 1378 2847 C.]
1405 2809 1443 2839 ln
1458 2809 1537 2840 edit.
1552 2818 1581 2839 c.
1599 2817 1633 2838 n.
1649 2817 1678 2838 ν.
1698 2807 1789 2838 1608.

1097 2860 1163 2881 non
1189 2859 1286 2881 nemo
1307 2850 1546 2884 emendandum
1575 2850 1610 2881 in
1641 2850 1790 2890 margine

1098 2893 1223 2925 notavit
1241 2897 1273 2924 et
1286 2896 1405 2933 sponte.
1788 2903 1793 2908 ·
