1956 3250
334 148 440 196 xliv
866 144 1324 197 PRAEFATIO.

334 278 396 327 In
421 278 570 328 titulo
583 279 700 329 libri·
714 289 790 329 est
807 295 984 329 manus
1002 279 1181 345 Lipsii,
1197 277 1433 328 donantis
1451 277 1506 327 id
1523 276 1812 344 exemplum

337 355 550 422 Hugoni
575 357 817 418 Done110‚
839 354 1072 423 nuspiam
1095 356 1229 406 alibi.
1294 355 1517 406 Gentilis
1537 355 1816 407 versiculos

331 435 577 499 quosdam
601 435 654 482 in
679 435 845 501 capite
869 434 1071 500 scripsit
1094 435 1158 482 ad
1190 433 1509 493 Scherbium,
1534 448 1651 483 cum
1676 435 1815 483 dono

331 528 448 560 eum
485 511 726 562 Scherbio
761 512 945 561 librum
980 513 1139 560 daret.
1214 510 1264 560 A
1289 511 1521 560 Piccarto
1553 510 1606 558 in
1643 507 1810 576 capite

332 588 525 654 aliquot
546 588 676 637 foliis
701 589 888 654 scripta
910 596 988 637 est
1019 588 1368 654 chronologia,
1393 588 1496 637 sive
1521 587 1813 654 supputatio

329 682 576 715 annorum
612 666 663 713 in
701 665 868 715 Taciti
904 665 1077 725 libros,
1114 674 1167 716 et
1211 673 1424 715 stemma
1462 664 1667 714 familiae
1705 663 1811 714 Au-

330 750 491 806 gustae
538 742 852 808 Lipsianum‚
889 744 1028 809 quod
1073 750 1183 792 tum
1223 745 1453 792 nondum
1490 740 1747 808 adjectum
1782 759 1814 792 a

332 819 507 886 Lipsio
532 828 669 870 erat:
708 821 771 870 ab
795 822 980 871 eodem
1005 821 1229 887 capitum
1255 828 1308 870 et
1331 821 1615 873 sectionum
1653 820 1812 872 mino·

330 914 441 946 rum
466 899 663 947 numeri
685 898 739 946 in
764 899 990 963 margine
1015 898 1274 965 adscripti.
1334 898 1601 948 Interdum
1624 906 1695 958 et,
1720 900 1811 951 sed

330 990 434 1024 non
460 977 644 1030 ‚eadem
678 991 847 1034 manu,
871 975 986 1025 loca
1019 975 1258 1042 parallela
1287 984 1341 1025 et
1373 975 1485 1024 libri
1522 975 1734 1035 laudati,
1757 975 1810 1027 in

331 1052 514 1118 quibus
529 1054 592 1101 de
608 1053 908 1118 quibusdam
926 1053 1190 1103 sententiis
1208 1053 1481 1105 moralibus
1498 1052 1814 1105 collectanea

330 1137 513 1178 essent.
585 1129 786 1179 Scholia
809 1131 960 1180 etiam
984 1131 1036 1179 in
1064 1130 1358 1197 Agricolam
1383 1131 1652 1198 adscripta.
1724 1130 1810 1182 Ab

327 1206 427 1256 hoc
450 1215 677 1273 tempore
700 1208 856 1257 lectio
878 1208 1084 1273 vulgata
1106 1225 1215 1258 esse
1241 1209 1398 1274 coepit
1420 1208 1526 1257 sola
1548 1208 1802 1275 Lipsiana.

393 1284 524 1333 Cum
549 1285 749 1350 Lipsius
763 1285 870 1350 jam
895 1285 1161 1351 aliquoties
1185 1286 1427 1336 edidisset
1450 1285 1619 1336 Taciti
1650 1285 1805 1339 libros

328 1379 357 1410 a
390 1379 443 1411 se
479 1370 754 1423 correct05‚
783 1364 980 1413 Curtius
1013 1365 1249 1424 Pit-hena,
1280 1363 1622 1426 FlorentinuS,
1655 1365 1808 1417 edere

329 1441 534 1489 eosdem
573 1442 888 1491 emendatius
934 1441 1169 1490 instituit.
1241 1441 1303 1490 In
1346 1458 1406 1491 ea
1446 1458 1501 1491 re
1543 1442 1807 1494 codicibus

331 1517 633 1567 Florentinis
665 1535 810 1568 usum
840 1535 967 1580 esse,
993 1536 1142 1586 supra
1165 1519 1376 1569 dictum.
1451 1518 1648 1570 Habuit
1678 1536 1804 1588 prae·

328 1604 470 1646 terea
501 1596 777 1646 editionem
804 1596 1089 1657 Puteolani,
1114 1596 1256 1662 cujus
1286 1597 1534 1647 lectiones
1569 1613 1673 1647 non
1704 1614 1809 1648 uno

329 1674 446 1723 loco
469 1673 705 1724 restituit.
767 1674 871 1724 Hic
896 1691 1012 1724 cum
1036 1674 1291 1740 vulgatam
1318 1675 1594 1725 lectionem
1619 1692 1807 1727 memo·

327 1759 423 1811 rat,
438 1768 637 1815 semper
660 1751 950 1820 Lipsianam
976 1755 1056 1803 ed.
1083 1760 1225 1802 1585.
1246 1753 1502 1819 intelligit.'
1540 1754 1694 1804 Unde
1720 1771 1807 1805 sae-

325 1845 389 1895 pe
418 1829 492 1888 fit,
515 1837 573 1878 ut
605 1829 860 1895 vulgatam
894 1829 1148 1896 corrigere
1182 1847 1234 1880 se
1267 1830 1422 1890 dicat,
1453 1831 1594 1881 velut
1631 1848 1659 1881 e
1695 1831 1807 1882 Flo.

323 1906 543 1965 renfino,
567 1923 681 1972 quae
705 1923 857 1956 merae
879 1897 1265 1973 depravationes
1290 1924 1556 1973 operarum
1581 1916 1726 1958 erant
1747 1909 1800 1961 in

323 1983 568 2048 exemplis
600 1983 871 2049 Lipsianis,
895 1991 1228 2050 reponatque‚
1253 2001 1366 2049 quae
1389 1986 1583 2034 dudum
1607 1986 1660 2034 in
1691 1985 1804 2035 aliis

323 2061 631 2111 editionibus
654 2062 872 2110 fuerant.
938 2060 1075 2112 Vide
1097 2078 1144 2110 v.
1164 2079 1211 2110 c.
1239 2064 1303 2112 ad
1329 2062 1426 2121 IV,
1452 2071 1532 2110 44.
1559 2071 1640 2112 48.
1710 2063 1803 2114 At-

323 2154 422 2204 que
447 2138 600 2188 etiam
619 2138 719 2198 VI,
738 2147 820 2188 33.
838 2138 1186 2205 conjecturam
1211 2139 1390 2204 Lipsii‚
1407 2156 1519 2205 quae
1542 2156 1802 2206 nunquam

323 2217 376 2266 in
407 2224 609 2266 textum
641 2224 870 2276 venerat,
903 2233 994 2282 pro
1017 2216 1224 2282 vulgata
1257 2216 1446 2266 laudat.
1519 2215 1688 2267 Multa
1720 2217 1805 2268 ille

322 2294 518 2360 recepit
549 2294 602 2342 in
637 2302 858 2355 textum,
883 2311 998 2361 quae
1028 2294 1231 2358 Lipsius
1261 2294 1448 2360 aliique
1480 2302 1678 2345 tantum
1706 2313 1801 2364 pro

321 2371 628 2437 conjecturis
661 2380 938 2439 posuerant
970 2372 1023 2421 in
1059 2373 1224 2433 notis;
1262 2374 1400 2421 unde
1435 2371 1488 2421 in
1521 2388 1698 2424 omnes
1727 2390 1802 2425 se-

322 2456 535 2515 quentes
572 2450 822 2501 editiones
860 2458 1140 2517 propagata
1170 2450 1277 2516 jam
1314 2449 1533 2537 vulgatae
1565 2450 1802 2501 lectionis

320 2526 674 2577 auctoritatem
694 2527 951 2588 obtinent,
975 2544 1126 2593 quam
1150 2544 1303 2577 nemo
1328 2543 1392 2577 ex
1415 2527 1624 2592 ingenio
1648 2529 1801 2578 corri-

318 2619 441 2669 gere
470 2605 672 2654 audeat.
743 2604 984 2654 Ceterum
1013 2604 1254 2672 praeclare
1280 2613 1332 2654 et
1362 2603 1499 2654 hunc
1523 2607 1588 2656 de
1613 2604 1799 2683 Tanto

319 2681 574 2741 meritum,
596 2682 859 2741 convenit,
880 2682 1088 2748 ejusque
1112 2685 1243 2733 adeo
1266 2683 1486 2749 exempli
1510 2691 1682 2734 textus
1702 2664 1800 2750 ffro

319 2759 701 2809 accuratissimo
739 2766 793 2809 et
833 2760 1244 2810 emendatissimo
1283 2767 1423 2810 recte
1465 2759 1666 2811 habitus
1703 2768 1797 2812 est.

319 2837 570 2888 Gruterus
605 2838 810 2903 quidem
845 2841 910 2888 ad
945 2839 1112 2890 Cicer.
1146 2840 1294 2891 Verr.
1328 2839 1398 2898 V,
1438 2847 1483 2892 7.
1522 2841 1798 2892 Pichenam
