1956 3250
627 168 1088 222 PRAEFATIO.
1513 163 1584 215 liii

111 306 426 359 -ctuationem
466 307 518 357 in
559 308 892 375 conjectando
926 303 1160 363 tolleret3
1199 317 1312 367 quae
1335 308 1411 350 est
1432 300 1582 349 inter-

112 388 239 436 'dum
274 393 431 447 tanta,
470 395 527 436 ut
561 388 706 437 nobis
742 386 944 452 quidem
982 382 1133 433 etiam
1169 379 1379 429 molesta
1412 377 1579 427 fuerit.

119 464 356 514 Ceterum
397 465 608 515 multum
641 466 772 515 inest
802 462 994 530 ingenii
1024 469 1175 526 atque
1205 458 1465 509 doctrinae.
1537 455 1579 504 E

115 543 420 593 bibliotheca
459 544 643 594 Ducali
682 542 967 600 Vinariensi
989 554 1282 606 acceperam
1302 537 1472 596 etiam,
1493 536 1579 585 be-

116 621 296 671 neficio
320 622 688 682 Bartholomaei,
712 622 805 671 viri
827 619 1137 678 Venerandi‚
1162 617 1247 683 qui
1281 616 1334 664 in
1357 613 1470 664 aula
1492 613 1580 663 Vi-

117 700 348 760 nariensi‚
366 701 471 767 pari
491 717 605 749 cum
621 700 867 750 doctrinae
887 706 938 748 et
960 696 1237 747 sanctitatis
1251 694 1419 754 laude,
1438 709 1578 743 sacra

114 778 346 838 faciebat,
391 777 676 844 exemplum
722 776 956 828 editionis
1003 774 1256 833 Parisinae,
1291 791 1321 822 a
1357 771 1575 824 Morello

122 863 258 906 1612.
285 857 547 916 duodenis,
572 858 634 906 ad
659 855 881 923 Lipsiani
916 862 1086 904 textus
1124 851 1577 918 exemplar‚‘factae,

115 935 249 1000 quod
284 934 400 984 olim
432 934 628 985 Heinsii
650 935 763 995 fuit,
781 933 1063 1000 passimque
1088 938 1317 981 notatum
1342 938 1447 980 erat
1470 929 1576 996 ejus

111 1028 274 1061 manu.
345 1013 443 1063 Sed
468 1013 652 1063 chartae
675 1013 744 1063 ita
767 1012 1068 1063 diffuderant
1098 1009 1573 1074 transmiserantque

110 1099 458 1152 atramentum,
475 1100 533 1142 ut
555 1110 664 1142 raro
683 1092 977 1158 scripturam
1002 1088 1196 1154 assequi
1214 1088 1404 1138 liceret.
1444 1087 1573 1145 Quae

110 1170 316 1237 quidem
353 1179 607 1221 assecutus
646 1188 800 1231 eram,
827 1170 930 1219 vidi
972 1184 1080 1218 esse
1118 1175 1205 1216 aut
1241 1166 1450 1227 scholia,
1486 1175 1573 1215 aut

112 1249 428 1316 conjecturas
456 1251 519 1299 de
551 1249 790 1308 lectione,
814 1248 894 1298 vel
926 1255 1043 1297 ante
1068 1247 1204 1312 apud
1226 1245 1350 1295 alios
1364 1244 1472 1311 jam
1496 1262 1571 1295 re-

110 1335 294 1394 pertaS,
316 1327 395 1378 vel
419 1328 702 1393 incognitas
725 1336 842 1377 ante
868 1326 1005 1375 mihi.
1071 1325 1168 1374 Eas
1205 1332 1380 1374 notare
1406 1341 1570 1390 coepe·

111 1422 233 1466 ram,
274 1423 388 1456 cum
425 1423 537 1472 spes
574 1406 893 1456 adserebatur
929 1406 994 1455 de
1035 1404 1169 1454 notis
1206 1402 1500 1453 ‘Heinsianis
1539 1420 1567 1453 e

108 1483 323 1533 Batavis·
397 1483 574 1550 Itaque
611 1492 719 1536 tum
756 1483 896 1536 nolui
921 1483 1110 1534 diutius
1135 1480 1294 1548 oculis
1318 1482 1443 1531 meis
1467 1482 1566 1533 vim

105 1562 287 1613 facere.

157 1669 374 1709 Heinsiana
399 1671 575 1723 quaedam
603 1684 625 1709 e
652 1668 793 1723 Ryckii
821 1671 926 1710 notis
953 1670 1126 1723 supplevi
1138 1686 1149 1718 3
1190 1670 1232 1709 in
1267 1669 1352 1709 aliis
1387 1670 1567 1716 ordinem

106 1734 271 1774 restitui.

170 1809 249 1859 Ex
272 1812 446 1861 eadem
470 1811 776 1862 bibliotheca
798 1810 919 1860 mihi
943 1811 1240 1861 submissum
1266 1819 1374 1862 erat
1397 1813 1567 1862 exem-

103 1888 241 1955 plum
266 1889 678 1941 Berneccerianae
715 1890 969 1950 editioniS,
993 1892 1130 1956 quod
1163 1890 1566 1943 Schurzfleischii

104 1984 252 2016 manu
282 1967 333 2016 in
371 1969 596 2034 margine
627 1976 855 2019 notatum
880 1969 1147 2018 diceretur.
1225 1968 1324 2018 Sed
1347 1969 1417 2019 ibi
1441 1986 1564 2035 quo-

104 2062 201 2111 quc
225 2063 373 2111 quam
400 2063 560 2112 pauca
591 2047 861 2113 repererim
886 2046 1039 2112 digna
1062 2047 1240 2108 relatu,
1265 2064 1292 2098 e
1316 2048 1449 2097 notis
1473 2065 1562 2098 no-

101 2123 213 2173 stris
253 2126 523 2191 apparebit.
594 2126 830 2191 Denique
867 2142 1159 2192 acceperam
1192 2143 1220 2176 e
1252 2126 1561 2177 bibliotheca

102 2202 300 2252 CIZensi
319 2219 348 2251 a
368 2202 416 2253 J.
441 2203 574 2253 Frid.
600 2203 982 2263 Leisner0‚viro
1001 2204 1293 2254 doctissimo
1317 2213 1368 2255 et
1386 2213 1557 2255 vetere

99 2281 318 2331 amicitia
361 2282 480 2330 mihi
523 2281 811 2348 conjuncto,
857 2282 943 2348 qui
987 2290 1096 2332 tum
1142 2283 1188 2332 ei
1234 2279 1556 2333 bibliothecae

98 2368 325 2427 praeerat,
354 2360 549 2410 notulas
593 2361 836 2421 Reinesii,
855 2361 907 2409 in
932 2361 1156 2427 margine
1186 2361 1404 2427 exempli
1438 2363 1561 2411 scri-¹

97 2447 224 2504 ptas,
255 2456 355 2504 quo
395 2438 477 2489 ille
514 2457 630 2489 usus
665 2440 860 2490 fuerat:
899 2457 926 2490 e
974 2440 1154 2505 quibus
1194 2439 1457 2490 nonnullas
1497 2442 1550 2490 in

94 2517 224 2567 notis
247 2517 370 2567 meis
394 2519 793 2568 commemoravi.
854 2518 983 2577 Quae
1007 2527 1175 2568 autem
1194 2519 1284 2568 sub
1305 2518 1544 2569 Schefferi

96 2596 295 2646 nomine
331 2597 395 2646 ad
434 2595 723 2662 Agricolam
762 2597 923 2657 attuli,
947 2614 1007 2647 ea
1029 2605 1191 2646 sumta
1214 2606 1330 2647 sunt
1354 2615 1417 2648 ex
1444 2598 1548 2664 ejus

94 2675 538 2735 observationibu3‚
569 2693 680 2741 quae
715 2676 766 2724 in
809 2677 1006 2726 Observ.
1044 2676 1193 2726 Misc.
1230 2677 1551 2731 Dorw‘llianis

103 2754 201 2803 Vol.
238 2755 340 2803 IX.
392 2756 450 2804 T.
498 2756 616 2804 III.
666 2755 997 2821 reperiuntur.
1056 2755 1296 2805 Ceterum
1344 2764 1395 2805 et
1423 2757 1546 2822 ipse

94 2848 293 2899 operam
333 2833 469 2893 dedi,
505 2842 562 2882 ut
597 2834 940 2883 examinandis
961 2833 1233 2900 diligenter
1261 2835 1424 2884 verbis
1450 2835 1545 2883 Ta·

96 2909 181 2960 citi
210 2911 439 2961 omnibus
471 2912 759 2978 reperirem,
791 2913 876 2963 ubi
914 2913 993 2963 vel
1033 2913 1359 2979 interpolatus
1395 2923 1544 2971 essct,

777 2993 860 3046 ‹1ss
