1956 3250
433 157 453 208 1
940 161 1395 213 PRAEFATIO.

431 310 601 354 tentus
646 317 752 357 esse
798 316 1001 358 coactus
1046 325 1168 357 sum.
1240 306 1372 358 Usus
1407 315 1575 357 tamen
1613 321 1740 365 sum,
1773 319 1898 358 cum.

430 383 643 448 primum
669 386 895 446 edebam,
915 394 972 435 ut
1003 403 1149 452 supra
1170 386 1406 446 indicavi,
1429 386 1586 434 codice
1613 384 1892 448 Gzoefferby-

430 461 554 510 tario.
614 462 664 511 Is
688 464 778 512 etsi
801 480 976 514 recens
1000 473 1092 524 est,
1122 473 1290 515 tamen
1325 473 1377 515 et
1410 466 1474 513 ad
1506 464 1748 514 lectiones
1770 471 1895 512 n'on·

429 539 586 588 nullas
649 542 1025 603 confirmandas,
1072 551 1123 592 et
1167 545 1231 592 ad
1282 543 1509 593 meliores
1564 543 1892 608 indagandas,

428 618 639 668 subinde
661 620 865 684 profuit.
903 620 1266 687 Complectitur
1290 622 1418 671 solos
1441 621 1592 671 libros
1617 619 1890 677 Annafium
1934 667 1936 671 ⁴

429 696 546 745 inde
569 698 631 746 ab
654 699 940 759 undecimo,
972 708 1025 749 et
1058 700 1405 750 Historiarum.
1476 700 1698 766 Scriptus
1734 707 1809 749 est
1835 699 1890 748 in

428 775 732 835 membrana,
771 789 921 825 manu
956 777 1202 844 elegante,
1235 781 1321 827 scd
1361 778 1541 844 passim
1583 784 1837 827 correctus
1860 793 1890 825 a

430 870 580 902 manu
620 857 866 904 secunda:
915 856 984 905 ita
1018 864 1203 917 tamen,
1238 865 1295 906 ut
1333 857 1625 923 plerumque
1669 856 1887 922 priorem

426 931 695 982 lectionem
736 934 939 999 adsequi
983 935 1146 985 liceat.
1232 935 1580 984 Correcffiones
1621 932 1887 1000 saepissime

428 1026 543 1058 cum
562 1010 859 1061 lectionibus
882 1013 1114 1062 editionis
1132 1014 1303 1079 primae
1322 1013 1643 1063 consentiunt
1663 1031 1676 1060 ι
1702 1013 1805 1062 sive
1824 1026 1887 1062 ex

429 1090 606 1138 'eodem
624 1091 817 1150 codice,
842 1092 944 1141 sive
959 1109 1023 1141 ex
1042 1092 1147 1157 ipsa
1164 1092 1246 1140 illa
1261 1093 1480 1141 editione
1503 1099 1713 1157 promtae
1732 1098 1862 1140 sunt.

495 1167 554 1215 In
581 1168 851 1218 Germania
873 1172 1178 1220 recensenda
1200 1188 1316 1219 usus
1340 1188 1447 1219 sum
1472 1171 1621 1220 etiam
1647 1170 1886 1220 varietate

426 1247 598 1294 codicis
637 1247 884 1297 chartacei
926 1250 1215 1309 TuricensiS,
1246 1266 1275 1297 a
1309 1249 1458 1298 Petro
1495 1250 1559 1297 de
1598 1249 1887 1314 Numagen,

428 1323 728 1385 Trevirensi‚
745 1326 1015 1392 Capeliano
1035 1327 1080 1376 S.
1102 1327 1387 1377 Leonhardi
1401 1343 1558 1393 prope
1573 1324 1885 1393 Thuregum‚

423 1401 495 1451 ita
513 1420 564 1452 se
587 1412 734 1453 vocat
764 1405 888 1470 ipse,
912 1406 1002 1455 sub
1033 1406 1181 1455 finem
1207 1423 1320 1455 saec.
1345 1406 1461 1455 XV.
1492 1405 1696 1472 scripti:
1734 1421 1883 1471 quem
1955 1439 1956 1442 =

424 1496 538 1530 mea
577 1497 765 1542 caussa,
800 1500 891 1548 pro
925 1484 1159 1550 singulari
1196 1502 1283 1533 sua
1321 1485 1373 1533 in
1407 1502 1488 1534 me
1517 1483 1885 1545 benevolentia,

421 1560 674 1625 excerpsit
706 1561 752 1611 J.
789 1561 834 1611 J.
874 1562 1212 1629 Breitingerus
1246 1563 1310 1613 V.
1345 1564 1402 1613 C.
1473 1563 1720 1613 Praeterea
1762 1562 1885 1626 mihi

425 1638 649 1704 Kappius
683 1648 852 1690 noster
891 1634 1138 1692 obtulerat
1182 1643 1453 1692 editionem
1497 1641 1651 1692 libelli
1685 1641 1885 1692 veterri-

351 1749 353 1751 -
424 1734 584 1776 mam,·
609 1735 706 1782 qua
741 1722 1074 1785 comparanda
1106 1738 1219 1770 cum
1252 1722 1465 1787 vulgatis
1501 1711 1736 1786 cognovi,
1775 1735 1883 1770 esse

421 1794 559 1844 illum
592 1797 751 1862 ipsum
787 1799 1006 1859 codicem,
1029 1815 1177 1864 quem
1207 1801 1269 1849 ab
1301 1801 1538 1865 Artolpko
1570 1789 1772 1848 medico
1803 1814 1883 1848 ac·

345 1903 351 1907 --
418 1883 625 1939 ceperat
671 1876 958 1926 Rhenanus.
1030 1878 1149 1943 Ejus
1192 1895 1288 1944 ope
1329 1878 1449 1927 mihi
1483 1877 1626 1927 licuit
1664 1878 1881 1943 reperire

420 1953 666 2018 originem
706 1955 998 2015 lectionum,
1039 1974 1068 2005 a
1106 1957 1353 2006 Rhenano
1390 1958 1440 2004 in
1477 1956 1614 2005 illum
1658 1955 1880 2006 fibellum

417 2034 759 2094 inducturum,
785 2043 835 2084 et
858 2036 1019 2101 ipsum
1043 2036 1264 2086 libellum
1281 2052 1382 2085 non
1401 2053 1504 2085 uno
1522 2037 1573 2083 in
1591 2035 1705 2084 loco
1721 2050 1882 2084 corre-

423 2112 633 2161 ctiorem
652 2115 875 2163 reddere.
948 2115 1026 2163 Ita
1049 2123 1215 2164 autem
1235 2116 1286 2163 in
1306 2115 1473 2164 multis
1498 2114 1751 2171 consentit
1766 2109 1881 2163 oum

417 2191 671 2255 excerptis
689 2192 869 2242 veteris
894 2193 1145 2252 editionis,
1161 2195 1222 2243 ab
1249 2193 1372 2243 Abr.
1395 2193 1655 2242 Gronovio
1672 2191 1881 2258 adjectis

417 2268 541 2317 'Van
564 2268 706 2323 Lect.
726 2272 836 2319 cod.
860 2271 1054 2320 Arund.
1077 2282 1132 2321 ut
1150 2274 1211 2321 ab
1231 2273 1376 2321 initio
1401 2273 1611 2322 eandem
1634 2278 1878 2337 putarem.

360 2359 366 2370 ⁵
424 2348 522 2396 Sed
550 2348 733 2397 deinde
757 2349 827 2397 ita
849 2351 1009 2415 reperi
1029 2351 1243 2411 differre,
1265 2359 1319 2400 ut
1336 2350 1474 2399 ilium
1492 2349 1673 2400 librum
1698 2350 1759 2398 ab
1782 2348 1880 2398 hoc

421 2427 668 2474 diversum
685 2426 979 2492 judicarem.

419 2527 422 2531 ’
471 2511 601 2551 Quam
620 2510 683 2548 hic
700 2511 913 2551 editionem
932 2514 1180 2551 veter-rimam
1202 2513 1348 2564 Kappii
1375 2514 1471 2552 dicit
1497 2519 1647 2559 noster,
1677 2515 1720 2551 in
1746 2520 1879 2551 recen·

420 2575 539 2613 seoda
554 2574 681 2612 Taciti
698 2576 921 2622 Germania,
940 2577 1123 2615 Rhenani
1136 2580 1329 2629 exemplo,
1342 2579 1515 2618 codicem
1533 2579 1644 2624 dicit,
1664 2579 1794 2626 minus
1810 2577 1879 2619 ad*-

418 2644 566 2679 cumte.
611 2640 690 2677 Iste
708 2645 842 2679 autem
858 2642 1080 2695 Kappianus
1108 2643 1207 2681 liber
1234 2644 1389 2681 idemne
1418 2644 1535 2682 fuerit
1564 2655 1653 2682 cum
1680 2655 1740 2685 eo.
1762 2654 1879 2694 quem

419 2705 468 2743 ab
494 2704 657 2742 Hieron.
678 2705 862 2754 Artolpho
875 2713 1075 2757 acceperat
1092 2707 1251 2753 Beatus,
1270 2708 1573 2759 disquirendum.
1619 2707 1775 2746 Scilicet
1791 2707 1879 2745 duae

418 2775 510 2808 sunt
529 2770 749 2807 Germaniae
766 2769 892 2809 Taciti
911 2771 1099 2810 editiones
1118 2777 1278 2817 veteres,
1299 2774 1376 2811 diei
1404 2774 1674 2825 Consulisque,
1693 2777 1877 2824 typogra-

419 2835 488 2885 phi
506 2835 624 2871 etiarn
643 2840 683 2871 et
697 2834 773 2872 loci
788 2839 886 2873 nota
902 2835 1111 2878 destitutae,
1137 2849 1221 2888 quae
1242 2839 1281 2875 in
1300 2838 1535 2877 bibliotheca
1551 2837 1877 2890 Argentoratensi

419 2898 573 2950 publiea
590 2904 737 2938 extant.
794 2899 948 2938 Harum
968 2900 1091 2939 altera
1107 2902 1243 2941 ffirmae
1270 2901 1441 2952 majoris,
1462 2917 1547 2955 quae
1565 2916 1614 2943 ex
1631 2903 1752 2955 praelo
1766 2901 1875 2942 aad.
