1956 3250
546 154 999 210 PRAEFATIO.
1452 149 1539 199 lvii

86 302 156 352 du
178 297 403 349 moindre
425 310 727 362 paysan,·ou
766 293 888 342 d’un
925 290 1133 350 enfant;
1170 288 1259 338 des
1295 283 1540 335 declama„

86 381 218 430 tions
255 376 460 427 bouffies
498 383 550 425 et
589 389 920 440 ennuyeuseS‚
954 372 1056 421 fort
1094 366 1357 426 travaiIIeS,
1386 373 1438 415 et
1473 365 1539 412 ou

82 458 189 508 l’on
212 456 489 522 n’apprend
511 454 634 503 rien.
704 451 852 502 Voila
876 467 935 500 ce
960 467 1056 516 que
1079 448 1184 498 l'on
1207 453 1330 514 peut
1347 445 1454 494 dire
1474 458 1537 491 en

84 552 200 602 gros
251 537 340 584 des
393 531 772 583 commentaires
823 531 887 580 de
940 526 1216 585 Boccafini,
1262 520 1539 573 d'Annibal

87 614 244 673 Secti,
266 614 331 662 de
366 612 675 670 Forstnerus,
711 610 775 658 de
811 607 1077 666 Schildius,
1112 614 1164 655 et
1197 606 1261 654 de
1295 602 1538 670 plusieurs

87 693 304 742 autres.’'
355 690 595 754 Idemque
619 703 738 738 mox
761 687 825 736 de
851 685 1092 738 Amelotii
1117 683 1379 734 conatibus
1402 688 1541 730 recte

79 771 305 838 judicat:
342 777 394 819 et
423 768 534 827 erit,
565 775 622 816 ut
651 767 847 832 opinor,
875 774 1092 831 tempuS‚
1116 779 1231 812 cum
1255 778 1358 810 non
1383 758 1541 808 multo

88 865 229 899 secus
258 849 322 898 de
350 846 596 896 Gordono
623 844 945 911 judicabitur.
1004 843 1236 907 Namque
1260 841 1358 892 hoc
1382 855 1542 905 genus

87 927 412 993 interpretum
449 941 562 974 cum
599 923 756 973 altero
790 923 878 972 illo
913 922 1091 972 critico
1120 929 1171 970 et
1193 919 1541 986 grammatico,

85 1004 156 1054 ita
177 1013 230 1054 et
250 1004 415 1072 pretio
445 1011 496 1053 et
525 1019 618 1052 usu
653 1011 705 1052 et
736 1001 841 1051 fato
877 1007 1211 1067 comparatur,
1245 1006 1302 1047 ut
1337 996 1540 1046 ascetici

87 1081 462 1148 Theologorum
500 1080 633 1141 libri,
671 1080 968 1147 compendia
993 1087 1044 1128 et
1067 1085 1334 1145 systemata
1357 1075 1540 1125 doctri-

85 1177 165 1210 nae
199 1161 570 1226 concionesque
602 1158 886 1226 populareS‚
926 1175 1040 1208 cum
1083 1155 1452 1206 commentariis
1487 1154 1539 1204 in

85 1239 236 1290 libros
259 1240 454 1289 divinos
478 1238 683 1288 eruditis
707 1236 876 1298 Masii,
900 1236 1138 1296 Merccri,
1163 1236 1328 1295 Bezae,
1351 1233 1540 1284 Vitrin-

85 1335 184 1384 gae,
217 1317 403 1378 Grotii,
442 1317 749 1382 aliorumque
795 1316 1042 1366 similium.
1112 1313 1273 1364 Utiles
1316 1313 1430 1363 libri
1468 1311 1540 1360 illi

88 1414 194 1448 esse
217 1404 424 1463 possunt
446 1396 704 1463 imperitiS,
728 1396 972 1444 tironibus
994 1415 1006 1454 3
1051 1413 1080 1443 a
1102 1393 1411 1443 doctioribus
1434 1408 1538 1440 non

86 1490 388 1540 magnopere
410 1473 646 1540 leguntur
669 1481 720 1523 et
744 1490 858 1523 cum
882 1473 1168 1522 auctoribus
1196 1471 1300 1522 fere
1323 1471 1541 1520 moriun-

85 1561 180 1604 tur.
240 1554 317 1602 Ex
353 1552 508 1603 altero
554 1561 720 1603 autem
765 1568 951 1619 genere
986 1552 1136 1617 longe
1181 1550 1415 1616 princeps
1461 1558 1538 1599 est

84 1631 256 1683 Justus
279 1631 494 1698 Lipsius,
518 1649 619 1698 quo
642 1632 857 1682 maxime
881 1632 1011 1681 duce
1034 1631 1108 1681 uti
1133 1631 1339 1690 debent,
1363 1629 1449 1695 qui
1473 1630 1537 1678 ad

86 1709 319 1760 Tacitum
359 1710 629 1776 legendum
669 1711 934 1762 accedunt.
1008 1709 1144 1758 Huic
1184 1708 1439 1774 proximus
1463 1715 1540 1757 est

84 1788 199 1839 Joh.
226 1788 303 1838 Fr.
329 1788 644 1839 Gronovius:
689 1789 774 1855 qui
790 1789 981 1854 justum
1006 1788 1209 1853 quidem
1234 1794 1539 1836 commenta-

87 1867 213 1916 rium
237 1883 338 1917 non
370 1867 582 1934 scripsit,
605 1877 827 1917 ceterum
851 1867 1001 1926 notis,
1026 1882 1326 1932 quamquam
1349 1866 1540 1932 paucis,

87 1945 350 2012 plurimum
373 1946 498 1995 lucis
521 1946 703 1995 Tacito
726 1945 939 2003 adfudit.
992 1944 1170 2011 Itaque
1195 1944 1372 1994 horum
1397 1952 1540 1994 notas

88 2024 206 2074 huic
249 2024 456 2074 editioni
500 2025 797 2074 addidimus.
858 2023 1098 2088 Magnam
1145 2022 1294 2073 etiam
1338 2022 1538 2072 laudem

91 2102 268 2152 merito
311 2118 400 2152 suo
444 2104 701 2153 consecuti
747 2111 863 2153 sunt
899 2102 1137 2161 Piehena,
1174 2101 1541 2151 Freinshemius

90 2188 238 2246 atque
293 2180 534 2247 Ryckius.
617 2182 715 2231 Sed
759 2199 933 2234 eorum
979 2190 1122 2233 notas
1163 2197 1266 2230 non
1312 2181 1542 2247 capiebat

91 2260 266 2309 modus
288 2259 419 2320 libri,
443 2261 527 2326 qui
542 2260 798 2327 juventuti
821 2260 1178 2312 destinabatur.
1221 2260 1288 2309 Et
1310 2259 1541 2309 dedimus

90 2353 310 2403 operam,
333 2346 406 2398 ut,
430 2356 542 2404 quae
563 2339 633 2388 illi
656 2340 789 2389 bona
812 2339 1016 2399 habent,
1039 2339 1091 2388 in
1116 2339 1288 2405 primis
1318 2354 1543 2388 necessa-

89 2416 162 2465 ria
179 2417 240 2466 ad
265 2425 400 2466 recte
423 2417 824 2484 intelligendum,
844 2436 871 2468 e
890 2418 1021 2469 notis
1045 2418 1243 2477 nostris,
1259 2417 1350 2466 Sub
1370 2433 1542 2466 eorum

90 2502 256 2544 tamen
298 2495 580 2545 nominibus
616 2497 855 2562 cognosci
890 2504 1124 2562 possent:
1162 2496 1298 2561 quod
1323 2495 1541 2545 etiamin

90 2572 297 2622 aliorum
344 2575 614 2623 observatis
658 2574 900 2624 fecimus:
939 2575 1338 2639 curavimusque,
1380 2581 1436 2623 ut
1480 2590 1545 2623 ne

90 2651 201 2716 quis
225 2662 432 2712 ceteraS,
456 2670 568 2718 quae
590 2653 642 2702 in
666 2654 969 2705 editionibus
1005 2653 1378 2706 Gronoviorum
1407 2667 1545 2718 repe-

91 2730 303 2791 riuntur,
328 2740 470 2781 notas
493 2748 796 2798 magnopere
820 2732 1102 2785 desiderare
1127 2740 1325 2798 posset:
1364 2732 1414 2780 in
1440 2732 1545 2796 qui-

85 2808 184 2860 hus
203 2809 358 2859 multa
389 2818 505 2859 sunt
534 2810 685 2860 hodie
708 2810 927 2877 vulgata,
951 2827 1082 2877 saepe
1106 2811 1256 2861 etiam
1281 2811 1470 2876 inepta,
1494 2810 1545 2858 in

91 2886 264 2969 primis
292 2887 344 2939 in
375 2889 505 2940 notis
530 2888 774 2960 Salinerii,
809 2906 940 2958 quae,
974 2890 1060 2940 vix
1095 2891 1358 2956 adsequor,
1395 2906 1545 2954 quare

1595 1875 1618 1887 s
