1924 3236
396 161 474 198 352

900 157 1278 200 ANNALIUM

282 266 326 300 a.
340 267 473 301 [Laut
493 257 643 302 amicis
665 257 883 311 adsistere,
906 258 1204 316 inlacrymare,
1226 274 1280 304 ne
1301 262 1437 305 visere
1454 263 1630 320 quidem
1650 263 1834 317 diutius,
1894 268 1899 294 ἓ
1918 248 1923 266 ³

297 311 373 345 786.

291 353 333 384 A.
349 354 387 386 C.

400 317 611 370 dabatur3
641 317 714 359 sed
745 316 1014 372 circumjecti
1044 318 1260 370 custodes,
1289 326 1334 359 et
1362 319 1406 360 in
1438 335 1663 364 maerorem
1684 321 1831 378 cujus-

310 398 364 428 33.
389 389 483 431 .que
513 375 683 427 intenti,
715 387 898 431 corpora
928 374 1172 430 putrefacta
1201 375 1546 430 adsectabantur,
1568 379 1670 420 dum
1691 379 1734 421 in
1754 376 1829 420 Ti-

398 432 536 474 berim
566 432 862 474 traherentur:
901 431 976 472 ubi
1008 431 1239 484 fluitantia,
1270 443 1346 474 aut
1374 432 1480 489 ripis
1516 435 1708 492 adpulsa,
1740 450 1830 478 non

394 503 585 532 cremare
615 489 844 544 quisquam
874 502 961 530 non
992 487 1261 546 contingere.
1292 490 1571 534 interciderat
1600 493 1727 535 sortis
1750 492 1850 535 hu?

393 561 535 589 manae
558 545 865 588 commercium
895 545 937 587 vi
967 554 1133 588 metus:
1165 555 1461 605 quantumque
1483 547 1653 592 saevitia
1677 550 1830 608 glisce-

234 846 306 888 ἃ

393 613 474 657 ret,
499 603 717 644 miseratio
740 603 981 644 arcebatur.

326 671 383 711 20
453 662 544 702 Sub
587 660 700 701 idem
741 668 910 717 tempus
946 659 999 702 C.
1030 660 1193 712 Caesar,
1234 660 1473 703 discedenti
1516 661 1707 720 Capreas
1747 677 1828 707 avo

392 732 553 769 comeS,
586 717 829 768 Claudiam,
863 717 930 759 M.
963 716 1098 759 Silani
1130 718 1278 769 filiam,
1306 719 1515 777 conjugio
1538 722 1733 777 accepit;
1764 721 1831 763 in-

391 790 563 818 manem
582 775 773 817 animum
805 773 986 816 subdola
1021 775 1231 818 modestia
1261 784 1425 833 tegens,
1444 791 1529 819 non
1552 778 1829 821 damnatione

390 834 557 885 matris,
576 847 663 875 non
685 831 844 874 exsilio
867 832 1045 874 fratrum
1069 842 1195 889 rupta
1217 847 1344 886 voce3
1376 834 1546 890 qualem
1565 834 1677 888 diem
1698 835 1836 878 Tibe-1

391 891 480 933 rius
501 891 727 942 induisset,
742 890 833 946 pari
857 889 1024 941 habitu,
1041 889 1157 931 haud
1179 890 1363 932 multum
1385 882 1660 934 distantib‘us‘
1670 893 1827 936 verbis.

390 947 521 991 Unde
550 962 654 990 mox
686 948 843 990 scitum
876 947 1086 998 Passieni,
1116 947 1314 999 oratoris,
1345 947 1510 990 dictum
1553 949 1827 1006 percrebuit:

394 1005 538 1063 Neque
565 1004 767 1047 mel-iorem
794 1018 975 1060 unquam
1007 1017 1179 1055 servum,
1207 1019 1257 1046 ne
1284 1018 1332 1046 ue
1362 1003 1597 1047 deteriorem
1624 1006 1831 1050 dominum

376 1062 526 1120 fuisse.
558 1063 660 1104 Non
691 1061 909 1103 omiserim
943 1061 1200 1118 praesagium

1277 1061 1415 1114 iberii,
1448 1062 1502 1103 de
1538 1062 1629 1104 Ser.
1669 1064 1825 1117 Galba,

394 1130 489 1162 tum
520 1118 737 1162 Consule:
769 1133 897 1175 quem
929 1118 1133 1171 accitum,
1164 1128 1209 1160 et
1238 1119 1417 1160 diversis
1441 1120 1708 1162 sermonibus
1731 1134 1825 1178 per-

391 1186 622 1231 tentatum,
644 1185 863 1234 postremo
893 1175 1061 1218 Graecis
1093 1176 1233 1218 verbis
1268 1176 1313 1218 in
1343 1176 1456 1218 hanc
1474 1177 1731 1219 sententiam
1752 1178 1827 1221 ad-

392 1235 582 1288 locutus,
632 1235 691 1278 Et
736 1241 796 1287 tu,
842 1232 1001 1287 Galba,
1039 1233 1277 1291 quandoque
1325 1233 1556 1291 degustabis
1602 1234 1830 1292 imperium,

387 1384 460 1457 {rat
484 1381 666 1424 aggregati
688 1381 722 1414 in
744 1381 913 1414 nonnullis
938 1379 1091 1413 editioni-

411 1434 461 1457 us.

430 1466 585 1508 Diutius]
611 1466 774 1508 Displicet
787 1466 850 1498 hoc
869 1465 1019 1504 Heinsio,
1034 1466 1089 1507 qui

387 1509 562 1551 legendum
579 1510 712 1549 conjicit
726 1510 807 1540 tutis
823 1519 882 1550 pro
896 1513 976 1540 tuto.

431 1552 536 1584 Sortis
551 1551 718 1591 humanae]
747 1552 824 1583 Sors
839 1552 985 1583 humana
1001 1560 1089 1582 mors

386 1599 484 1626 estet
499 1595 662 1635 inopinati
678 1598 737 1625 aut
752 1593 868 1625 incerti
881 1603 985 1625 casus.
1037 1594 1090 1625 Ita

392 1640 421 1675 l,
438 1638 489 1668 61.
528 1637 682 1668 Permoto
705 1636 751 1666 ad
772 1637 1012 1667 miserationem
1034 1646 1089 1667 ex-

385 1681 492 1711 ercitu
507 1680 543 1710 ob
558 1689 651 1710 casus
666 1680 822 1710 bellorum
844 1683 874 1709 ee
895 1683 1014 1710 sortem
1034 1680 1085 1709 ho-

387 1723 528 1753 minum.
570 1723 616 1753 At
643 1721 740 1752 sortis
764 1721 834 1759 ejus
855 1721 1087 1752 commercium

385 1768 438 1795 est
464 1764 630 1795 miseratio
657 1769 692 1794 et
720 1763 846 1803 agnitio
878 1762 992 1794 similis
1022 1764 1087 1794 for-

386 1811 498 1838 tunae:
530 1815 603 1847 quae
634 1806 786 1836 omnibus
815 1810 925 1846 potest
948 1806 1089 1838 evenire.

387 1848 486 1880 Hanc
505 1849 656 1888 sequitur
677 1847 837 1879 auxilium
853 1848 903 1879 vel
918 1847 1087 1886 solatium,

385 1895 423 1922 et
444 1891 624 1932 sepultura.
647 1890 815 1921 communi
842 1890 982 1930 quodam
1000 1891 1086 1929 jure.

385 1933 479 1966 Lips.
522 1933 596 1965 Sive
625 1932 802 1973 persuasio,
824 1937 947 1963 sortem
971 1931 1088 1964 huma-

386 1979 479 2014 nam,
508 1975 650 2007 aliorum
681 1974 853 2006 hominum
883 1974 1018 2006 adversa
1047 1974 1088 2005 ad

385 2027 446 2049 nos
469 2018 647 2060 pertinere,
669 2014 858 2047 communia
877 2026 958 2054 esse,
976 2022 1014 2048 ut
1031 2017 1088 2048 ille

384 2059 606 2092 Terentianus
632 2058 715 2090 nihil
741 2058 876 2090 humani
907 2069 928 2090 a
953 2069 987 2090 se
1009 2059 1087 2092 alie-

387 2111 468 2134 num
483 2107 593 2144 putat,
608 2111 711 2141 eaque
727 2101 765 2131 de
776 2111 889 2132 caussa
905 2101 1087 2134 misericor-

387 2144 489 2182 diam,
506 2144 677 2180 auxilium‚
692 2143 813 2174 deberi.
860 2143 947 2175 ERN.

431 2187 479 2218 Vi
505 2186 622 2226 metus]
647 2186 790 2226 Lipsius,
811 2186 857 2224 vi,
883 2190 983 2217 metu.
999 2185 1088 2226 quod

384 2229 488 2262 etiam
502 2228 650 2261 Freinsh.
664 2227 824 2270 placebat.
870 2229 956 2260 ERN.

427 2273 615 2304 Immunem
628 2272 780 2302 animum
801 2271 877 2312 eta]
902 2271 993 2303 Adde
1008 2272 1086 2303 Sue-

383 2317 456 2346 ton.
474 2315 580 2355 Calig.
600 2316 648 2345 10.
691 2313 779 2344 ERN.

424 2358 571 2399 ‚Qualem
595 2356 695 2396 diem]
726 2357 902 2396 corrupte.
922 2355 1086 2387 Videntur

383 2400 482 2431 verba
493 2399 558 2430 huc
572 2399 695 2430 tralata
716 2408 754 2429 ex
779 2398 899 2439 pagina
913 2398 1082 2439 sequenti:

382 2451 478 2482 quem
496 2447 567 2473 tum
583 2451 710 2472 annum
724 2442 856 2481 qualem
876 2441 963 2472 diem
988 2441 1084 2471 habe-

381 2489 444 2516 ret.
479 2485 672 2517 Vertranius
701 2487 854 2519 conatur,
880 2484 1011 2523 qualem
1034 2483 1085 2513 die

385 2527 553 2564 Tiberius,
575 2526 639 2557 hoc
667 2534 775 2561 sensu,
803 2525 955 2566 Caligula
980 2524 1084 2556 talem

381 2569 532 2600 habitum
569 2567 739 2605 induebat,
769 2567 899 2608 qualem
933 2567 1085 2599 Tiberius

379 2621 509 2652 quoque
549 2611 601 2642 die
643 2610 814 2641 induisset.
871 2611 1083 2651 Coniectura,

379 2663 478 2695 quam
494 2663 556 2694 ego
578 2662 645 2684 uon
667 2653 802 2683 emerim
819 2652 969 2683 sestertio
984 2661 1082 2683 num—

378 2705 449 2729 mo.
484 2695 578 2727 st.
628 2694 704 2726 Dixi
732 2694 867 2726 observ.
897 2698 926 2732 1,
952 2697 984 2727 2.
1014 2703 1081 2725 non

379 2739 480 2771 modo
507 2736 592 2769 nihil
624 2736 678 2768 hic
710 2745 780 2767 esse
815 2737 940 2774 mendi,
966 2736 1022 2767 sed
1046 2741 1082 2767 et

379 2781 478 2813 verba
490 2779 662 2821 exquisita.
693 2778 837 2820 ,Qualem
858 2780 943 2810 diem
956 2779 1082 2810 induis-

377 2828 445 2854 set.-
466 2822 501 2854 id
522 2827 584 2860 est,
601 2821 729 2861 qualem
755 2822 904 2853 animum
933 2821 1079 2852 vultum·

378 2875 441 2904 que
455 2866 585 2906 quoquo
597 2865 648 2896 die
663 2863 855 2904 sumpsisset
867 2862 917 2894 vel
930 2863 1080 2904 gessisset

376 2908 540 2946 Tiberim,
553 2907 655 2939 talem
671 2911 704 2938 et
720 2906 787 2947 ipse
803 2906 939 2938 induens
959 2916 998 2937 ac
1012 2915 1079 2947 prae

1133 1389 1167 1412 se
1180 1381 1298 1412 ferens.
1341 1381 1418 1416 Ταῖος
1432 1379 1493 1425 γὰρ
1507 1378 1563 1417 νέος
1574 1380 1649 1414 ἔστὶν
1661 1384 1726 1415 etc.
1766 1381 1838 1415 οἷον

1132 1424 1178 1455 iae·
1193 1423 1273 1467 ἦμαρ
1287 1423 1389 1464 ἄγησι.
1412 1425 1522 1455 GnoN.
1547 1425 1752 1464 Rectissime,
1767 1427 1829 1458 etsi

1132 1467 1217 1498 inest
1231 1467 1354 1506 aliquid
1364 1467 1448 1499 duri.
1469 1467 1633 1498 Habitum
1655 1467 1695 1499 de
1718 1468 1832 1500 vultus

1130 1514 1231 1549 atque
1252 1511 1317 1541 oris
1338 1510 1444 1549 specie
1468 1509 1544 1546 diei,
1570 1513 1687 1541 notum
1710 1515 1771 1548 est,
1795 1515 1831 1542 et

1132 1560 1230 1592 supra
1247 1552 1317 1590 jam
1340 1552 1488 1582 vidimus.
1524 1551 1668 1583 Huetius
1689 1554 1832 1593 corrige-

1133 1594 1189 1624 bat
1203 1596 1332 1634 qualem
1346 1595 1381 1624 in
1394 1594 1491 1631 diem,
1501 1593 1587 1633 quod
1596 1594 1696 1625 etiam
1711 1595 1829 1626 Brote-

1132 1637 1199 1666 rius
1214 1638 1337 1677 recepit
1359 1638 1393 1667 in
1415 1640 1559 1673 textum,
1582 1636 1751 1667 intellecto
1767 1638 1829 1668 ha·-

1130 1679 1244 1710 bitum.
1279 1679 1366 1710 ERN.
1404 1677 1697 1710 Aoidalmolebat:
1720 1681 1831 1715 vultu,

1129 1723 1259 1761 qualem
1283 1721 1322 1752 T.
1344 1722 1511 1752 induisset.
1534 1720 1675 1751 Bencius
1694 1723 1727 1752 iu
1749 1721 1831 1762 Syll.

1129 1764 1244 1795 Burm.
1260 1769 1287 1795 t..
1307 1767 1330 1795 1.
1346 1774 1378 1805 p.
1393 1766 1445 1798 75.
1471 1764 1601 1803 qualem
1621 1763 1718 1795 idem.
1742 1763 1828 1804 quod

1132 1815 1243 1842 nemu,
1257 1806 1365 1844 credo,
1381 1805 1578 1846 probaverit.

1173 1847 1340 1888 Passieni]
1358 1848 1410 1879 De
1424 1857 1462 1877 eo
1477 1856 1508 1878 v.
1521 1846 1676 1878 Tou-ent.
1689 1846 1731 1878 ad
1744 1846 1828 1878 Ner.

1129 1900 1160 1921 c.
1178 1890 1208 1920 6.
1223 1889 1311 1930 Lips.
1329 1890 1465 1921 Excurs.
1475 1890 1515 1920 A.
1530 1888 1570 1919 ad
1586 1888 1610 1919 l.
1631 1891 1680 1919 12.
1693 1893 1727 1919 et
1744 1889 1829 1930 Ryc-

1130 1931 1223 1963 kium
1238 1932 1279 1963 ad
1293 1933 1327 1964 h.
1339 1932 1364 1963 l.
1387 1931 1474 1962 Em«.
1504 1931 1556 1963 Cf.
1571 1936 1606 1963 et
1620 1931 1698 1962 Seu.
1713 1931 1831 1963 Contr.

1129 1985 1199 2006 exc.
1216 1977 1246 2006 3.
1262 1975 1352 2015 praef.
1370 1978 1404 2005 et
1418 1973 1550 2013 passim.

1173 2016 1387 2057 Proesagztum
1403 2015 1544 2055 Tiberii]
1568 2015 1700 2056 Pugnat
1715 2015 1833 2046 Sueto-

1130 2059 1216 2096 nius,
1245 2060 1300 2099 qui
1326 2068 1393 2090 non
1425 2058 1558 2089 Tiberio
1590 2057 1646 2089 sed
1677 2059 1833 2098 Augusto

1129 2103 1324 2142 praesagium
1347 2103 1409 2132 hoc
1429 2101 1569 2138 tribuit3
1598 2110 1658 2131 nec
1679 2099 1718 2131 de
1741 2099 1831 2131 Con-⁴

1128 2144 1199 2174 sule
1212 2144 1329 2181 Galba,
1344 2143 1400 2174 sed
1415 2153 1527 2184 puero.
1548 2142 1636 2182 Lege
1657 2152 1733 2174 eum
1756 2151 1828 2182 cap.

1130 2189 1162 2217 4.
1200 2188 1231 2218 A
1251 2187 1369 2218 Tacito
1386 2188 1478 2216 stant
1489 2184 1652 2225 dosephus
1678 2187 1728 2222 18,
1743 2184 1773 2214 6.
1795 2188 1831 2215 et

1130 2228 1197 2259 Dio
1219 2232 1273 2266 57,
1299 2231 1348 2263 19.
1390 2228 1482 2259 Ln’s.
1524 2227 1611 2267 Quid
1627 2226 1651 2256 si
1667 2226 1827 2262 dicamus,

1128 2271 1284 2302 Tacitum
1298 2270 1417 2311 duplex
1429 2269 1624 2311 praesagium
1639 2269 1780 2310 Augusti
1795 2272 1830 2299 et

1125 2313 1249 2345 Tiberii
1270 2312 1480 2344 confudisse?
1505 2321 1582 2342 nam
1603 2311 1700 2342 verba
1720 2319 1830 2342 seram
1851 2342 1853 2346 Α

1127 2365 1168 2386 αι·
1190 2356 1316 2387 brevem
1330 2356 1515 2396 potentiam
1535 2353 1740 2395 significans,
1762 2361 1830 2383 nun

1125 2398 1328 2429 conveniunt
1339 2398 1418 2429 satis
1434 2397 1557 2427 νει-δίει
1582 2400 1620 2427 tu
1640 2395 1830 2437 quandoque

1126 2440 1314 2479 degustabis
1324 2440 1513 2480 imperium.
1543 2437 1630 2470 ERN.

1167 2482 1219 2515 Et
1240 2487 1278 2514 tu
1305 2481 1428 2522 Galba]
1453 2481 1527 2512 Hoc
1548 2480 1587 2511 de
1610 2477 1753 2511 Consule
1769 2477 1829 2510 Ti-

1126 2524 1254 2556 berius:
1284 2531 1320 2556 at
1342 2523 1519 2556 Suetonius
1540 2522 1580 2555 de
1601 2531 1703 2562 puero
1718 2520 1829 2557 refert,
1885 2550 1889 2563 ι,

1126 2567 1317 2606 Augustum
1353 2567 1553 2607 apprehensa
1588 2562 1659 2606 ejus
1695 2563 1827 2594 buccula

1127 2610 1258 2647 dixisse,
1282 2609 1336 2640 καὶ
1360 2609 1396 2640 σὺ
1422 2608 1518 2640 vinnon
1546 2607 1609 2642 *35*
1627 2605 1724 2649 ἀρχῆς
1749 2605 1830 2645 ’ludin
1879 2642 1881 2646 ι

1127 2652 1312 2696 ταραγεῦσῃ.
1353 2653 1437 2693 Ωυεε
1463 2653 1542 2682 sunt
1566 2649 1647 2690 ipsa,
1673 2657 1747 2688 quae
1775 2648 1829 2680 hic

1123 2695 1257 2726 Tiberio
1271 2695 1520 2726 adscribuntur:
1548 2689 1633 2732 quod
1648 2689 1733 2722 idem
1750 2699 1827 2722 cum
1842 2693 1848 2698 ’
1905 2691 1915 2719 '5⁵'

1125 2743 1238 2767 nostro
1249 2741 1284 2768 et
1298 2737 1363 2768 Dio
1379 2736 1469 2767 facit.
1490 2735 1543 2766 Ita
1551 2737 1682 2765 censeat
1695 2732 1828 2772 aliquis,
1882 2754 1883 2758 ,
1901 2743 1912 2753 ‘-

1123 2779 1318 2810 Suetonium
1341 2777 1392 2808 vel
1414 2777 1496 2808 alios
1511 2780 1661 2808 auctores
1675 2779 1827 2806 secutum

1897 2821 1903 2833 t

1122 2822 1173 2852 vel
1209 2820 1402 2852 memoriola
1434 2819 1580 2860 lapsum:
1619 2817 1682 2849 etsi
1715 2816 1826 2856 potuit

1121 2871 1260 2902 uterque
1287 2862 1412 2893 diverso
1449 2866 1600 2903 tempore
1625 2857 1826 2900 praedixisse,
1882 2853 1907 2900 Α,

1121 2906 1177 2938 sed
1191 2906 1281 2937 itane
1297 2905 1402 2937 verbis
1417 2903 1556 2936 iisdem?
1593 2901 1686 2934 Lips.
1730 2899 1828 2943 Apud
1884 2903 1909 2950 3⁸¹2
