1956 3250
378 151 499 202 xviii
891 148 1350 201 PRAEFATIO.

376 287 516 338 velut
540 287 897 353 Antverpiensi
922 303 965 336 a.
993 294 1133 336 1648.
1160 302 1275 336 eum
1295 286 1524 336 codicem
1549 291 1636 333 aut
1658 281 1851 332 nullum

376 382 504 425 esse,
529 373 615 413 aut
637 365 820 413 nullius
843 365 993 430 pretii
1009 363 1223 428 judicat.

442 442 683 491 Videram
722 442 891 499 etiam,
916 441 978 489 ab
1004 441 1044 488 Ι.
1072 440 1325 504 Schegkio
1354 441 1421 488 ad
1455 438 1616 489 Vellei.
1652 455 1705 525 p..
1735 405 1849 487 504.

376 520 456 569 ed.
500 519 669 567 Burin.
709 517 899 566 laudari
933 519 1137 565 codicem
1167 516 1586 580 Herbipolensem,
1610 516 1697 580 qui
1721 522 1852 564 esset

374 597 427 644 in
478 595 785 644 bibliotheca
841 594 1143 659 Episcopali.
1226 593 1424 657 Itaque,
1471 608 1588 641 cum
1635 608 1850 657 pmmam

374 673 652 730 editionem
673 672 925 736 parabam,
950 671 1122 738 scripsi
1143 671 1206 718 ad
1225 670 1442 734 aliquem
1456 670 1618 718 virum
1639 670 1849 726 doctum

372 751 426 798 in
463 766 521 798 ea
552 750 695 808 urbe,
732 764 950 813 quocum
992 747 1181 812 aliquid
1221 747 1415 795 notitiae
1456 746 1578 811 mihi
1610 744 1735 794 rolim
1765 745 1851 795 hic

371 828 555 884 fuerat,
591 819 821 890 eumque
845 825 1036 890 rogavi,
1070 832 1126 872 ut
1163 824 1286 888 quid
1322 824 1513 875 codicis
1536 823 1678 872 istius
1703 830 1852 882 esset,

372 904 723 969 perscriberet,
748 902 953 966 ejusque
978 901 1100 949 mihi
1139 901 1285 966 copia
1307 908 1365 949 ut
1385 900 1545 959 fieret,
1569 899 1848 965 perficeret.

374 981 475 1030 Sed
497 979 622 1028 nihil
645 980 870 1044 responsi
893 978 1002 1027 tuli.
1074 978 1203 1026 Cum
1227 979 1409 1026 iterum
1439 979 1502 1026 ad
1534 979 1850 1026 tractandum

374 1065 572 1106 textum
597 1057 921 1114 accedebam,
953 1055 1158 1104 alteram
1183 1055 1458 1103 editionem
1485 1061 1764 1113 curaturus,
1787 1056 1851 1102 ad

374 1135 526 1184 alium
559 1134 722 1182 virum
758 1135 965 1182 doctum
994 1133 1046 1180 in
1079 1149 1138 1181 ea
1167 1132 1311 1191 urbe,
1335 1131 1541 1197 scripsi3
1581 1147 1732 1196 quem
1763 1148 1852 1197 pu-

373 1214 560 1271 tabam,
583 1213 765 1261 idonea
789 1213 854 1260 de
879 1227 1070 1269 caussa,
1087 1227 1193 1259 rem
1213 1217 1586 1275 suscepturum:
1615 1210 1759 1273 isque
1781 1209 1851 1258 fe-

375 1290 446 1338 cit
480 1289 666 1347 omnia,
690 1296 748 1337 ut
782 1287 888 1352 ejus
922 1286 1036 1335 libri
1071 1303 1216 1335 usum
1244 1287 1367 1334 mihi
1398 1286 1723 1351 impetraret3
1761 1287 1850 1335 sed

374 1356 499 1414 nihil
532 1365 727 1414 efficere
762 1364 946 1430 potuit,
972 1379 1087 1412 cum
1112 1379 1228 1412 eum
1258 1363 1466 1428 reperiri
1491 1380 1520 1411 a
1543 1379 1594 1412 se
1626 1363 1849 1428 potuisse

374 1450 600 1507 negaret,
625 1442 711 1506 qui
736 1457 905 1489 curam
934 1440 1255 1490 bibliothecae
1287 1440 1455 1489 habet.
1522 1439 1674 1488 Fama
1697 1441 1849 1489 etiam

373 1521 628 1585 quondam
651 1518 748 1567 fuit
771 1519 834 1567 de
860 1518 1038 1567 codice
1063 1517 1271 1581 antiquo
1296 1516 1482 1575 Taciti,
1508 1517 1593 1581 qui
1614 1517 1850 1565 Bamber-

371 1615 450 1663 gae
476 1604 768 1647 servaretur.
840 1595 939 1645 Sed
964 1595 1139 1643 Franc.
1179 1592 1404 1654 Modius,
1429 1612 1458 1642 a
1492 1593 1666 1659 Lipsio
1698 1596 1762 1643 de
1787 1610 1849 1644 eo

373 1674 649 1732 consultuS,
672 1673 926 1738 rescripsit
949 1671 1037 1737 (T.
1066 1671 1106 1719 Ι.
1132 1672 1316 1721 Collect.
1342 1688 1416 1735 ep.
1442 1673 1612 1720 Burm.
1638 1688 1688 1736 p.
1715 1671 1849 1732 107.)

370 1753 542 1801 falsam
566 1751 699 1799 illam
733 1750 916 1798 famam
941 1765 1067 1808 esse,
1091 1765 1187 1798 nec
1223 1749 1493 1813 quicquam
1517 1749 1587 1797 ibi
1621 1748 1849 1813 reperiri,

372 1830 467 1878 nisi
489 1845 674 1895 paucas
698 1844 726 1877 e
749 1826 922 1877 libello
945 1827 1009 1875 de
1033 1825 1255 1874 moribus
1280 1825 1651 1875 Germanorum
1674 1824 1848 1890 plagu-

370 1907 461 1965 las,
485 1921 667 1970 easque
691 1904 883 1954 recenti
907 1919 1058 1952 manu
1082 1903 1304 1968 scriptas.

572 2018 650 2056 Eas
667 2019 709 2056 in
727 2017 851 2069 Lipsii
867 2029 982 2056 usum
1000 2029 1042 2055 se
1060 2028 1304 2068 comparasse
1322 2016 1456 2055 scribit
1473 2015 1646 2055 Modius.

439 2117 591 2166 Multi
614 2124 858 2181 praeterea
889 2115 970 2163 alii
993 2115 1176 2164 codices
1210 2114 1375 2163 adhuc
1409 2114 1569 2163 latent
1591 2113 1644 2162 in
1667 2114 1846 2163 biblio-

370 2195 549 2253 thecis,
572 2194 797 2242 nondum
823 2192 1049 2257 excerpti
1070 2209 1083 2239 ε
1110 2209 1140 2241 e
1162 2192 1361 2256 quibus,
1378 2207 1482 2240 non
1506 2181 1702 2250 dubito,
1718 2191 1842 2254 quin

372 2272 558 2335 aliquid
581 2271 729 2319 bonae
750 2269 907 2334 frugis
931 2268 1101 2333 colligi
1123 2269 1295 2334 possit.
1346 2267 1408 2317 In
1434 2267 1580 2317 MSS.
1608 2268 1845 2316 bibliothe-

370 2365 438 2398 cae
462 2348 702 2397 Mediceoe
722 2354 824 2395 tres
847 2337 1254 2395 membranaceos
1275 2345 1654 2395 commemorari
1675 2345 1846 2403 video,

371 2428 432 2476 ab
469 2424 735 2489 antiquiori
769 2423 874 2482 illo,
898 2439 1048 2488 quem
1080 2422 1520 2487 Langobardicum
1544 2429 1746 2480 vocant,
1770 2423 1844 2471 di-

373 2519 560 2560 vchOS,
584 2502 636 2548 in
659 2500 832 2565 pluteo
858 2506 936 2548 68.
962 2501 1096 2565 apud
1131 2501 1348 2549 eundem
1390 2497 1846 2555 Montefalconium

373 2599 423 2646 p.
443 2587 553 2630 374.
574 2594 604 2625 a
621 2578 799 2642 quibus
814 2584 939 2642 puto
957 2592 1060 2626 non
1083 2577 1305 2625 diversos
1329 2592 1456 2636 esse,
1475 2592 1600 2641 quos
1624 2574 1847 2634 Pichena

374 2655 640 2720 aliquoties
657 2653 829 2702 laudat
850 2654 902 2701 in
925 2655 1058 2702 notis
1082 2655 1147 2702 ad
1170 2652 1422 2701 Tacitum.

444 2731 631 2796 cheri
656 2730 806 2786 etiam
836 2747 865 2778 a
895 2730 949 2778 P.
974 2729 1206 2779 Victorio
1229 2730 1491 2795 antiquum
1523 2728 1726 2778 codicem
1750 2725 1847 2789 Taq

378 2810 464 2861 citi
504 2810 549 2860 V
544 2815 726 2857 emtum
765 2800 1084 2858 bibliothecae
1121 2806 1169 2856 S.
1204 2806 1369 2857 Marci
1407 2806 1616 2866 laudari,
1637 2806 1703 2854 ad
1734 2803 1844 2862 Cic,
