1956 3250
388 155 493 187 xxx
935 139 1386 192 PRAEFATIO.

380 268 683 335 pulcriorem
708 278 761 319 et
783 271 1169 336 castigatiorem.
1241 272 1437 329 Quibus
1469 269 1608 319 libris
1641 285 1761 319 usus
1780 267 1858 318 »sit

383 343 694 395 Franciscus
715 364 830 396 cum
867 349 1106 398 Lanterio
1142 349 1194 396 in
1231 348 1531 412 corrigendo
1564 355 1728 406 textu,
1753 358 1855 395 nom

379 425 635 490 prodidit:
685 427 820 474 unde
856 426 909 473 in
945 426 1280 491 suspicionem
1315 424 1455 473 venit
1487 423 1534 474 J.
1573 423 1858 481 Gronovio,

378 502 508 550 forte
529 509 580 550 et
603 501 726 561 aliis,
743 503 883 566 quasi>
907 519 970 551 ex
993 502 1199 566 ingenio
1222 501 1379 554 multa
1402 501 1687 559 mutaverit,
1702 499 1852 549 etiam

378 576 629 636 licentius,
645 595 794 642 quam
814 579 1036 627 deberet.
1086 579 1201 635 Qua
1224 578 1507 642 suspicione
1532 593 1647 626 eum
1672 588 1854 641 magna

377 662 519 718 parte
544 654 752 712 absolvi,
770 663 1035 719 postquam
1059 655 1240 704 librum
1261 653 1717 718 GueIFerbytanum
1733 669 1854 710 con-

379 730 486 778 tuli.
560 730 762 779 Etenim
807 731 859 778 in
906 749 967 780 eo
1014 732 1282 780 maximam
1332 738 1526 796 partem
1575 730 1852 786 lectionum

376 806 564 864 inveni,
589 805 640 853 in
666 807 845 871 quibus
868 807 1074 872 ingenio
1098 807 1360 855 indulsisse
1385 806 1621 855 creditur.
1673 806 1853 871 Itaque

378 882 513 938 haud
538 883 689 932 dubie
713 882 849 946 libris
873 884 1070 949 scriptis
1095 901 1210 932 usus
1235 891 1328 942 est,
1353 891 1410 932 ut
1438 884 1544 948 ipse
1570 884 1852 949 profitetur,

379 958 471 1006 etsi
496 975 597 1007 non
621 976 978 1024 usquequaque
1003 961 1161 1009 bonis.
1229 959 1471 1025 Spirensis
1495 959 1780 1025 e'xem‘plum
1806 961 1853 1010 ei

374 1050 467 1099 pro
501 1037 606 1085 basi
647 1036 796 1086 fuisse
832 1038 1046 1086 videtur.
1119 1037 1357 1086 Ceterum
1394 1034 1648 1101 egregiam
1685 1027 1851 1102 Taciti

375 1110 511 1162 libris
535 1130 737 1178 operam
767 1115 984 1173 navavit,
1009 1116 1146 1178 quod
1171 1131 1256 1163 eos
1281 1114 1432 1163 etiam
1467 1131 1496 1162 a
1530 1114 1662 1165 vitiis
1697 1114 1851 1163 mani-

375 1189 513 1238 festis
547 1190 626 1238 vel
667 1190 980 1240 librariorum
1017 1190 1097 1240 vel
1138 1191 1564 1256 typographorum
1604 1190 1847 1240 liberavit.

377 1267 476 1316 Sed
500 1269 563 1316 de
588 1267 764 1316 Franc.
794 1267 1071 1317 Puteolano
1097 1268 1182 1332 qui
1206 1267 1328 1316 velit
1351 1284 1678 1332 cognoscere,
1702 1269 1851 1317 adeat

374 1343 454 1393 Jo.
490 1344 623 1392 Saxii
660 1345 795 1393 Hist.
836 1346 956 1393 liter.
995 1353 1185 1408 typogr.
1226 1345 1499 1393 Mediolan.
1543 1345 1848 1409 praemissam

377 1421 607 1485 Argelati
646 1423 774 1470 Bibl.
806 1423 980 1489 Script.
1009 1423 1215 1470 Mediol.
1243 1421 1304 1469 T.
1333 1421 1374 1469 I.
1401 1423 1486 1486 qui
1517 1429 1569 1471 et
1608 1422 1715 1487 ipse
1747 1414 1850 1472 edi-

373 1497 564 1546 tionem
590 1497 1023 1547 Mediolanensem
1046 1498 1168 1547 facit
1203 1515 1331 1557 eam,
1360 1516 1473 1563 quae
1508 1500 1615 1548 sine
1650 1501 1766 1548 anni
1797 1508 1849 1553 et

371 1573 471 1621 loci
509 1583 630 1623 nota
666 1583 818 1623 extat.
891 1575 1128 1624 Ceterum
1165 1575 1274 1624 haec
1306 1584 1399 1634 est,
1423 1593 1572 1643 quam
1609 1575 1849 1636 Pichena‚

373 1651 458 1714 qui
485 1667 593 1699 eam
619 1668 646 1700 e
671 1651 780 1700 MS.
806 1653 942 1701 bono
967 1653 1171 1701 ductam
1197 1652 1414 1716 judicat,
1442 1653 1563 1701 item
1600 1653 1847 1718 Ryokius.

372 1727 623 1777 Venetam
659 1729 928 1794 appellant,
959 1746 1159 1794 nempe,
1183 1729 1263 1778 vel
1297 1731 1433 1794 quod
1466 1729 1678 1794 primam
1711 1729 1847 1785 illam

374 1803 552 1854 Romae
569 1813 791 1854 curatam
809 1807 1070 1870 putabant,
1086 1806 1166 1855 vel
1181 1806 1394 1855 Venetae
1408 1807 1720 1871 repetitionis
1741 1824 1848 1857 mo-

371 1882 439 1930 do
455 1882 742 1947 exemplum
766 1882 1042 1932 habebant:
1069 1883 1180 1942 etsi,
1197 1899 1309 1947 quae
1334 1882 1534 1948 Lipsius
1547 1901 1594 1932 v.
1621 1899 1666 1933 c.
1691 1886 1757 1935 ad
1776 1885 1842 1933 A.

372 1956 472 2016 XI,
518 1966 593 2013 18.
633 1975 661 2007 e
694 1958 894 2008 Veneta
927 1959 1116 2018 laudat,
1150 1959 1202 2007 in
1238 1959 1332 2008 hac
1368 1976 1470 2008 non
1510 1960 1842 2025 reperiuntur.

372 2033 474 2082 Sed·
507 2034 559 2082 in
600 2034 780 2083 talibus
815 2035 961 2084 facile
1003 2043 1211 2094 erratur,
1247 2036 1571 2100 similiterque
1607 2054 1636 2084 a
1670 2035 1845 2102 Lipsio

371 2111 525 2170 etiam
546 2111 598 2158 in
625 2112 872 2169 Romana,
898 2128 1046 2176 quam
1081 2120 1284 2170 vocant,
1316 2120 1534 2161 erratum
1569 2120 1660 2162 est.
1708 2113 1844 2178 *Ego

369 2186 636 2236 Puteolani
672 2188 945 2237 editionem
981 2189 1175 2247 vocavi,
1200 2197 1257 2237 ut
1295 2189 1358 2237 ab
1393 2188 1499 2237 aliis
1531 2189 1742 2242 Venetis
1772 2190 1845 2239 di-

369 2265 726 2329 stingueretur,
750 2274 981 2329 essetque
1018 2281 1203 2315 nomen
1229 2265 1334 2329 ejus
1366 2263 1418 2315 et
1452 2265 1844 2315 Mediolanensi-

368 2341 462 2390 bus
487 2350 539 2390 et
561 2341 772 2391 Venetis
797 2341 1038 2407 exemplis
1073 2350 1260 2407 aptum.
1332 2342 1459 2391 Sunt
1492 2350 1661 2392 autem
1696 2341 1844 2408 hujus

366 2418 600 2467 editionis
636 2418 866 2483 exempla
899 2418 1181 2484 perpulcra,
1213 2419 1363 2469 etiam
1411 2435 1560 2485 supra
1590 2419 1840 2475 Venetam

365 2494 483 2545 Joh.
511 2494 770 2561 Spirensis.
1488 2490 1494 2495 ’
1812 2487 1814 2490 ’

434 2574 622 2643 Extare
659 2575 808 2623 etiam
844 2575 1063 2624 sciebam
1099 2575 1222 2623 alius
1252 2575 1466 2624 Venetae
1498 2576 1732 2626 editionis
1755 2592 1841 2629 ex·

368 2654 532 2720 empla
566 2672 610 2703 a.
644 2663 783 2702 1512.
812 2662 996 2703 curatae
1032 2672 1062 2703 a
1093 2654 1174 2704 .Ῐο.
1202 2655 1387 2715 Rivi03
1427 2672 1640 2719 quorum
1669 2663 1850 2709 tamen

365 2730 559 2783 nullum
595 2731 717 2779 mihi
752 2739 868 2779 ante
897 2732 1108 2796 primam
1138 2740 1358 2780 nostram
1383 2732 1658 2782 editionem
1681 2732 1860 2783 conti».

364 2815 508 2872 gerat
529 2808 716 2858 videre.
764 2807 877 2857 Nec
901 2824 1208 2872 magnopere
1233 2809 1584 2858 desideraram.
1628 2808 1838 2873 *Etenim
1871 2834 1874 2836 “
