1956 3250
349 118 471 168 xxiv
521 166 523 169 ,
873 113 1335 167 P'RAEFATIO.

352 250 473 296 dum
496 252 557 295 ut
578 246 642 295 ad
667 244 805 294 Ann.
842 244 971 306 XII,
994 253 1075 295 41.
1138 246 1206 296 H.
1234 248 1337 308 111,
1363 257 1441 297 34.
1466 250 1830 302 codicemritat

351 332 404 372 et
428 324 596 372 librum
619 322 913 384 Romanum)
938 330 990 372 et
1013 323 1262 374 Gruterus
1286 325 1437 375 etiam
1469 328 1515 376 V
1509 328 1742 378 aticanam
1764 329 1830 378 ad

354 398 423 450 H.
459 399 562 459 ΙΙΙ,
600 407 646 447 5.
684 414 810 464 qnos
845 399 1106 449 imitantur
1148 400 1377 466 Ryckius
1417 404 1482 452 ad
1524 403 1593 453 H.
1636 403 1742 464 111,
1779 413 1827 454 5.

352 485 407 527 et
452 475 713 526 Acidalius
762 477 826 524 ad
888 476 957 524 H.
1014 476 1090 535 ΙΙ,
1143 486 1228 526 51.
1294 477 1427 527 Nam
1483 479 1615 530 hanc
1662 482 1829 547 ipsam

354 553 588 619 intelligi,
634 569 750 601 cum
795 553 1077 601 Romanam
1113 563 1316 614 vocant,
1348 563 1490 620 patet
1527 554 1609 606 vel
1649 574 1714 608 ex
1747 574 1830 618 ee,

354 631 492 695 quod
526 631 679 679 iidem
715 630 927 680 subinde
963 631 1113 679 etiam
1142 632 1370 695 primam,
1394 632 1644 684 Gruterus
1678 635 1831 684 etiam

355 705 597 771 Spirensis
643 705 917 756 editionem
955 706 1173 773 appellat
1218 710 1282 757 ad
1325 709 1393 758 H.
1421 709 1517 768 IV,
1542 719 1621 758 20.
1662 703 1834 772 'Nalm

354 785 493 849 quod
515 799 617 831 uno
637 786 689 833 et
702 783 861 833 altero
882 783 1090 833 fortasse
1111 784 1228 834 loco
1250 785 1404 835 lectio
1428 786 1574 852 hujus
1598 787 1833 838 editionis

355 862 606 926 discrepat
629 861 691 909 ab
715 876 792 920 ea,
816 876 929 924 quae
952 862 1017 910 de
1051 861 1283 911 Romana
1314 872 1753 925 commemoratur,
1776 869 1835 916 ut

357 940 428 987 H.
466 938 562 997 IV,
587 945 665 986 65.
697 938 784 986 ubi
821 937 1022 1003 Lipsius
1058 955 1124 987 ex
1160 940 1392 988 Romana
1434 941 1626 1006 profert
1668 943 1836 1006 adyta,

354 1033 472 1066 cum
494 1016 547 1063 in
573 1017 651 1065 ed.
669 1014 803 1080 Spir-
841 1015 905 1063 sit
938 1016 1098 1064 edita.-
1135 1016 1187 1064 in
1224 1033 1286 1065 eo
1319 1017 1450 1066 forte
1486 1033 1624 1067 error
1657 1018 1834 1084 aliquis

355 1093 656 1152 intercessit,
681 1092 842 1156 quiin
866 1092 964 1141 hoc
987 1108 1176 1157 genere
1209 1093 1358 1143 facile
1393 1095 1592 1160 obrepit
1624 1095 1836 1162 diligen.

357 1170 556 1219 tissimis
593 1170 792 1218 criticis.
824 1196 826 1198 v
864 1169 938 1218 At
971 1170 1122 1220 hodie
1158 1171 1330 1236 opinio
1353 1179 1513 1231 tenet,
1536 1172 1766 1223 Venetiis
1788 1190 1834 1223 a.

364 1254 506 1296 1468.
541 1244 622 1295 vel
651 1252 791 1294 1469.
818 1247 952 1294 hunc
975 1246 1158 1296 librum
1189 1248 1463 1313 prodiisse:
1500 1249 1566 1298 V.
1591 1249 1837 1301 Maittarii

359 1326 539 1374 Annal.
588 1323 650 1371 T.
700 1323 742 1370 Ι.
783 1339 832 1388 p.
860 1330 939 1371 66.
977 1324 1192 1373 Fabricii
1238 1326 1367 1374 Bibe.
1414 1327 1530 1375 Lat.
1569 1326 1610 1376 Ι.
1644 1344 1698 1394 p.
1721 1335 1836 1382 471.

358 1402 552 1450 Caussa·
594 1400 843 1465 opinionis
889 1408 983 1459 est,
1019 1402 1156 1465 quod
1199 1418 1264 1450 ex
1298 1402 1405 1450 aliis
1438 1403 1587 1454 libris·
1622 1413 1839 1464 constat,

357 1475 474 1530 Joh.
507 1478 793 1544 Spirensem
829 1477 1079 1526 officinam
1115 1478 1346 1528 habuisse
1378 1480 1628 1542 Venetiis,
1664 1482 1841 1547 ibique,

357 1564 516 1607 artem
550 1569 689 1603 suam
725 1555 1024 1605 exercuisse.
1095 1555 1196 1604 Sed
1218 1556 1382 1621 prisca
1403 1557 1487 1606 illa
1508 1559 1682 1624 opinio
1699 1559 1838 1611 vide.

356 1642 440 1684 tur
460 1633 630 1682 locum
654 1630 853 1680 dedisse
870 1632 1080 1681 editioni
1101 1632 1346 1683 Romanae
1369 1635 1750 1695 commentitiae,
1772 1637 1836 1687 ab

357 1711 583 1761 editione
619 1708 863 1774 Spirensis
898 1709 1126 1769 diversae,
1150 1727 1281 1775 quae,
1315 1712 1488 1760 nescio
1523 1713 1679 1772 unde,
1704 1725 1839 1762 com-

359 1794 665 1836 memoratur
688 1801 718 1834 a
740 1784 990 1845 Fabricio,
1013 1786 1404 1852 adsignaturque
1428 1805 1471 1839 a.
1505 1795 1646 1838 1495.
1705 1789 1839 1839 Nam

359 1865 513 1915 talem
571 1860 846 1911 editionem
890 1879 920 1911 a
963 1863 1166 1913 nemine
1223 1863 1340 1924 alio,
1397 1866 1674 1930 praesertim
1732 1866 1840 1916 ido-

361 1944 462 1990 'neo'
498 1947 724 1998 auctore,
765 1944 1208 1990 commemoratam
1241 1942 1421 2007 reperi.
1489 1942 1728 1993 Ceterum
1772 1945 1839 1994 de

357 2033 497 2068 anno
519 2016 667 2081 hujus
691 2016 926 2065 editionis
949 2017 1075 2066 nihil
1112 2017 1237 2066 certi
1275 2026 1365 2067 est.
1437 2019 1556 2068 Hoc
1579 2020 1697 2069 satis
1720 2036 1839 2069 con-

358 2103 462 2145 stat
497 2112 524 2143 e
558 2094 801 2151 versibuS‚
845 2094 1084 2158 subjectis
1120 2093 1343 2158 ejusdem
1387 2095 1589 2144 artificis
1626 2097 1840 2146 editioni

363 2171 688 2239 epistolarum
737 2169 996 2218 Ciceronis
1042 2172 1105 2219 ad
1149 2171 1392 2230 diversos,
1436 2172 1534 2221 hoc
1580 2173 1841 2222 Ciceronis

365 2262 512 2316 opus,
542 2248 757 2313 primum
796 2263 902 2295 esse
942 2246 1143 2306 librum,
1173 2248 1262 2312 qui
1294 2247 1525 2298 Venetiis
1555 2250 1618 2298 ab
1647 2257 1710 2298 eo
1735 2249 1840 2299 edi·-

365 2337 447 2376 tus
477 2325 556 2374 sit.
614 2323 773 2388 Atqui
799 2324 839 2371 is
861 2323 989 2372 liber
1018 2325 1222 2389 praefert
1251 2341 1439 2374 annum
1487 2333 1627 2392 1469.
1687 2326 1842 2376 Unde

364 2403 555 2454 clarum
581 2401 798 2459 videtur,
817 2409 904 2449 aut
927 2401 1012 2449 illo
1035 2401 1144 2467 ipso
1167 2404 1371 2451 demum
1395 2418 1547 2462 anno,
1565 2411 1653 2453 aut
1672 2403 1842 2469 paullo

366 2488 500 2549 post,
524 2478 691 2526 Taciti
714 2477 865 2526 libros
889 2478 952 2526 ab
984 2494 1045 2527 eo
1075 2479 1238 2527 editos
1257 2494 1384 2528 esse.
1454 2480 1608 2540 Nam,
1630 2481 1769 2545 quod
1788 2480 1842 2528 in

356 2556 530 2609 -CataL
554 2554 675 2604 bibl.
700 2554 957 2603 clarissimi
981 2555 1294 2620 Francogalli
1333 2559 1390 2604 de
1423 2559 1577 2616 Boze,
1612 2556 1844 2606 editioni-

367 2638 468 2686 bus*
498 2632 750 2685 veteribus
784 2631 1070 2696 plenissime
1107 2649 1266 2682 annus
1292 2640 1370 2685 67.
1395 2634 1513 2682 hui-c
1539 2633 1747 2691 editioni
1770 2650 1844 2693 as,-

370 2713 613 2776 signatur‚
631 2707 750 2773 quia
763 2707 814 2756 in
833 2709 1056 2757 versibus
1075 2711 1138 2757 ad
1156 2710 1346 2758 calcem
1367 2711 1604 2775 subjectis
1624 2709 1842 2776 primum

370 2789 488 2841 Joh.
536 2785 778 2852 Spirensis
821 2802 948 2852 opus
991 2786 1208 2846 dicatur,
1247 2786 1299 2835 id
1344 2787 1520 2836 falsum
1562 2795 1670 2837 est:
1723 2787 1844 2837 mitis
