1956 3250
638 125 679 174 P
690 123 738 174 R
750 121 869 173 AEF
877 120 984 172 AT
993 120 1020 171 I
1031 120 1097 171 O.
1501 118 1630 176 xxiii

153 267 208 310 et
226 258 327 311 vim
352 257 614 308 obtineant
636 255 867 304 universi.
934 253 1052 304 Jam
1087 267 1255 318 porro,
1279 256 1449 301 'nonne
1478 267 1627 318 appa-

149 343 228 386 ret
249 335 347 384 hoc
370 333 623 400 exemplo,
653 334 706 382 id
737 333 873 398 quod
914 331 1065 380 fidem
1103 330 1353 380 excedere
1375 329 1626 388 videatur,

147 427 322 463 manus
345 411 569 478 quamvis
593 409 772 460 multas
795 425 899 461 non
931 409 1085 457 modo
1107 407 1396 472 saepissime,
1419 414 1473 456 et
1494 414 1624 466 tot0‚

146 490 283 554 quod
305 490 463 548 aiunt,
488 487 617 538 coelo
640 487 907 537 dissentire
938 486 991 534 in
1027 485 1291 550 scriptura,
1322 484 1472 533 etiam
1509 500 1623 550 quae

146 582 210 617 ex
236 568 416 616 eodem
438 566 579 616 fonte
603 567 758 615 ducta
791 565 883 635 sit,
897 564 986 613 sed
1022 563 1172 612 etiam
1208 568 1354 627 p'osse
1379 578 1438 611 ac
1462 562 1622 612 solere

143 643 196 692 in
237 645 418 693 eodem
458 659 625 693 errore
659 657 792 706 saepe
827 656 1021 689 summa
1061 639 1351 698 concordia,
1375 641 1515 704 quasi
1557 655 1622 688 ex

146 728 430 786 compacto,
467 718 789 768 consentire?
825 718 1051 781 Denique
1089 715 1350 765 luculento
1382 717 1621 782 exemplo

142 796 455 862 intelligitur,
479 812 634 861 quam
661 794 727 844 sit
763 811 867 844 non
902 795 1055 843 modo
1091 793 1214 843 utile
1251 795 1315 842 ad
1350 795 1620 859 puritatem

141 860 582 938 integritatemque
623 871 921 936 scriptorum
955 877 1202 928 veterum,
1226 872 1315 918 sed
1353 871 1504 918 etiam
1535 887 1620 920 ne-

142 949 428 1007 cessarium,
458 947 694 1014 plurimas
732 947 977 996 lectiones
1001 946 1257 996 variantes
1296 963 1401 995 esse
1427 955 1478 996 et
1502 963 1621 997 con-

141 1025 285 1091 quiri.
345 1025 414 1074 In-
430 1025 567 1074 libris
590 1041 679 1074 sex
702 1025 951 1090 prioribus
976 1022 1162 1082 Taciti,
1194 1023 1235 1072 si
1264 1025 1423 1072 varias
1445 1024 1619 1075 lectio·

141 1117 229 1152 nes
251 1109 447 1152 tantum
463 1102 699 1151 codicum
722 1101 1023 1167 scriptorum
1045 1101 1275 1151 vdissensu
1298 1101 1619 1161 aestimamus,

139 1178 275 1229 nulla
296 1179 505 1229 varietas
519 1178 749 1228 lectionis
773 1186 866 1244 est,
889 1178 1007 1243 quia
1029 1194 1157 1227 unus
1181 1186 1378 1227 tantum
1402 1179 1617 1244 scriptus

136 1254 264 1306 liber
288 1264 445 1306 extat.
507 1255 581 1304 At
611 1272 671 1304 ea
699 1256 806 1320 ipsa
835 1272 914 1304 res
936 1255 1076 1314 facit,
1102 1255 1234 1304 sicut
1254 1256 1307 1304 in
1331 1255 1437 1304 aliis
1460 1256 1618 1316 libris,

140 1349 352 1397 quorum
365 1336 526 1382 unum
546 1340 741 1382 tantum
758 1332 1044 1397 exemplum
1065 1348 1092 1380 e
1111 1340 1282 1382 vetere
1310 1349 1419 1382 aevo
1444 1342 1617 1393 restat,

138 1409 277 1460 velut
298 1411 349 1459 in
375 1409 738 1468 Quinctiliano,
771 1409 1053 1474 Propertio,
1091 1416 1149 1458 ut
1189 1411 1370 1474 saepius
1410 1411 1618 1476 ingenio

137 1487 216 1536 vel
240 1487 541 1553 conjecturis
581 1488 779 1552 agenda
809 1502 887 1535 res
927 1486 1009 1546 sit,
1048 1503 1198 1551 quam
1222 1486 1411 1537 vellent
1435 1489 1617 1550 critici,

136 1563 304 1613 multis
327 1565 378 1612 in
401 1563 527 1614 locis
545 1563 682 1613 nulla
705 1571 865 1613 certae·
882 1572 969 1612 aut
990 1563 1262 1628 probabilis
1287 1566 1616 1615 correctionis

135 1656 223 1705 spe
268 1641 456 1692 relicta.
538 1641 712 1706 Atque
758 1641 908 1691 etiam
949 1641 1002 1688 in
1044 1641 1224 1690 ceteris
1269 1641 1408 1692 libris
1446 1642 1615 1694 Taciti

138 1717 304 1767 multis
342 1719 465 1768 locis
504 1720 668 1768 minus
712 1718 1070 1778 laboraremuS,
1102 1719 1143 1767 si
1184 1735 1287 1768 non
1329 1736 1393 1785 ex
1434 1723 1615 1772 eodem

135 1795 424 1862 apographo
449 1813 624 1845 omnes
657 1796 861 1846 codices
896 1796 1186 1845 fluxissent:
1228 1799 1365 1862 quod
1389 1799 1440 1847 ni
1466 1807 1616 1859 esset,

136 1870 268 1921 haud
301 1873 470 1939 paullo
503 1873 687 1940 plures
707 1870 941 1923 lectionis
986 1874 1251 1923 varietates
1298 1874 1615 1936 haberemus,

135 1949 269 1999 haud
312 1950 480 2017 paullo
521 1951 696 2000 melius
733 1951 1018 2000 consultum
1064 1951 1248 2001 Tacito
1294 1953 1441 2003 foret.
1514 1954 1615 2004 Sed

135 2025 270 2076 hunc
291 2026 479 2087 locum,
494 2028 605 2093 jam.
624 2029 741 2077 satis
759 2036 1028 2078 tractatum
1049 2037 1101 2078 et
1121 2029 1445 2095 explanatum
1461 2049 1490 2081 a
1507 2031 1616 2098 plu-

133 2103 288 2163 ribus,
311 2105 362 2153 in
385 2106 657 2170 primisque
682 2123 711 2154 a
735 2122 921 2171 magno
946 2106 1198 2166 Bensseio,
1234 2107 1286 2156 in
1321 2108 1469 2169 libro,
1500 2110 1614 2160 Col-

133 2179 221 2228 lini
246 2181 506 2230 calumniis
525 2184 760 2232 adversus
783 2183 1080 2248 religionem
1105 2183 1440 2235 Christianam
1458 2203 1613 2253 oppo-

134 2255 230 2306 sito
250 2277 264 2317 ς
291 2257 578 2323 (Francice,
601 2260 924 2324 Friponnerie
947 2261 1139 2324 Laique
1160 2279 1209 2327 p.
1243 2263 1378 2325 168.)
1397 2263 1499 2323 hic,
1522 2281 1614 2330 per

132 2333 283 2383 talem
322 2335 661 2397 occasionem,
697 2336 919 2386 breviter
957 2339 1216 2403 repetiisse
1249 2348 1300 2389 et
1333 2341 1612 2396 inculcasse

133 2411 388 2471 studiosiS,
423 2412 540 2462 satis
575 2414 858 2478 putavimus
893 2430 1016 2464 esse.
1088 2415 1156 2465 Et
1177 2416 1287 2466 haec
1318 2418 1523 2484 quidem
1547 2420 1612 2471 de

132 2488 328 2554 scriptis
351 2489 489 2539 libris
511 2490 651 2540 dicta
671 2500 821 2540 sunt:
861 2493 926 2541 ad
950 2493 1113 2543 editos
1135 2495 1411 2546 veniamuS.

146 2590 156 2600 -
201 2564 395 2615 Primus
419 2567 643 2616 omnium
668 2567 836 2617 Taciti
858 2569 1011 2619 libros
1035 2570 1196 2619 edidit
1215 2573 1330 2623 Jolz.
1352 2574 1613 2638 Spirensis,

131 2644 250 2700 inde
272 2660 302 2692 a
325 2642 385 2691 L.
413 2643 507 2692 XI.
547 2643 685 2694 Ann.
724 2662 841 2694 cum
873 2644 1148 2696 Germania
1171 2657 1223 2697 et
1245 2648 1374 2699 libro
1397 2651 1461 2701 de
1488 2651 1612 2703 Ora-

130 2718 340 2779 toribus,
364 2721 472 2770 sine
495 2720 645 2771 titulo
668 2722 834 2787 operis
869 2731 922 2772 et
956 2723 1063 2773 sine
1098 2725 1218 2773 anni
1248 2724 1450 2791 locique
1474 2738 1607 2779 nota.

134 2794 282 2846 Hanc
302 2797 578 2848 editionem
588 2800 857 2848 Romanam
871 2816 1004 2865 saepe
1023 2810 1209 2852 vocant
1218 2801 1416 2871 Lipsius
1433 2805 1607 2868 (inter-

867 2878 900 2926 b
926 2886 957 2924 4
