1956 3250
644 121 1104 181 PRAEFA-Tlo.
1549 134 1619 173 xv

143 267 280 328 possit,
293 266 492 318 optimum
506 263 647 311 virum,
667 267 709 302 et
725 263 871 306 criticae
881 263 946 308 ,rei
957 274 1030 301 suo
1046 260 1532 314 temporeperitissimum,
1545 260 1621 302 hu-

143 334 252 376 mani
278 330 372 385 quid
401 341 686 382 nonnunquam
714 309 899 380 passumb
933 327 1201 379 Praeterquam
1218 326 1340 376 enim,
1359 326 1466 380 quod
1493 327 1619 365 mani·

142 394 241 440 festa
257 400 417 448 peccata
432 394 574 433 codicis
592 395 735 445 passim
753 393 938 446 suffragio
954 405 1026 431 suo
1042 392 1181 431 fulcire
1198 391 1365 436 laborat,
1386 390 1491 443 quod
1508 391 1551 429 in
1570 402 1619 430 co

143 460 397 515 reprehendit
425 460 598 499 Pichena
614 459 663 498 ad
682 458 736 498 H.
761 459 798 504 1,
818 463 882 499 49.
909 463 951 516 et
968 458 1101 509 paullo
1121 462 1214 496 ante
1231 470 1254 496 a
1271 469 1337 496 me
1352 456 1540 507 exemplis
1558 463 1619 494 est

145 529 360 573 firmatum,
378 526 584 577 aliquoties
611 526 654 563 in
681 523 886 563 referenda
900 523 1044 569 codicis
1061 523 1229 562 lectione
1247 523 1410 567 fallitur,
1429 520 1541 571 cujus
1557 522 1618 561 rei

142 579 357 645 specimina
372 590 518 630 videbis
536 590 649 629 ΜΛ.
667 589 744 634 xi,
769 593 860 627 1.4.
883 593 942 626 10.
962 591 1028 627 28.
1080 587 1193 633 xiv,
1222 591 1282 629 15.
1307 591 1371 627 51.
1401 590 1465 625 eo.
1519 587 1615 632 xv,

142 662 230 711 74„
264 657 319 696 Η.
343 656 421 703 111,
446 659 510 694 52.
554 653 639 692 ‘Est
655 659 697 691 et
712 654 781 692 ubi
807 653 858 692 ad
875 654 1104 706 varietatem
1120 652 1300 690 lectionis
1317 663 1401 708 non
1417 651 1613 697 adtendit,

143 727 191 762 ut
208 721 263 760 H.
281 721 357 767 111,
377 725 442 765 79.
459 712 537 758 'ubi
553 719 654 758 Bud.
668 719 804 770 procul
821 718 958 757 urbem.
1013 718 1094 756 Ista
1111 717 1297 763 indicare,
1315 718 1401 756 haec
1417 717 1617 769 supplere,

145 799 228 828 non
244 786 412 838 neglexi.
466 784 695 836 Optandum
714 796 832 835 porro
849 784 1000 829 fuisset,
1015 787 1082 832 «ut,
1102 783 1208 835 quod
1222 783 1316 827 fecit
1331 794 1617 835 nonnunquam

144 852 373 896 Rhenanus,
404 862 559 901 semper
585 849 806 895 indimeset,
826 848 1133 897 emendationeS‚
1163 859 1257 901 quas
1283 848 1548 895 commendat,
1568 849 1619 888 de

142 929 219 958 suo
235 926 288 957 an
305 930 354 957 ex
372 917 521 963 codice,
539 917 810 968 depromserit.
857 916 918 955 Fan
934 916 1008 954 hac
1025 913 1111 963 ejus
1130 915 1281 954 incuria
1297 915 1461 961 factum,
1481 919 1529 953 ut
1541 905 1620 954 du·

141 982 230 1037 hius
245 984 394 1023 haereat
411 983 613 1022 Ernestius
631 982 736 1022 haud
752 994 857 1028 rare,
875 986 923 1024 ut
938 981 989 1020 ad
1015 981 1063 1020 A.
1090 980 1182 1026 XV,
1204 983 1269 1019 53.
1306 978 1433 1026 XVI,
1462 983 1528 1019 21.
1557 979 1614 1021 H.

141 1047 220 1095 111,
249 1053 314 1093 4¹7.
343 1051 406 1088 56.
458 1047 531 1095 IV,
558 1053 624 1092 70.
652 1051 718 1086 84.
745 1052 821 1086 etc.
874 1046 919 1085 ld
938 1058 1057 1098 porro
1083 1045 1268 1084 Rhenani
1293 1045 1497 1084 silentium
1513 1058 1618 1098 saepe

141 1108 371 1153 Ernestium
397 1101 446 1153 in¹
467 1108 642 1153 errorem
667 1112 838 1158 induxit,
867 1116 915 1151 ut
941 1111 1047 1150 casui
1072 1110 1279 1155 tribueret,
1300 1109 1405 1161 quod
1422 1109 1617 1150 Budensis

139 1183 239 1226 erat,
268 1178 416 1230 respice
443 1178 494 1218 ad
518 1179 568 1217 A.
595 1177 708 1224 XVI,
726 1179 792 1216 22.
845 1176 892 1216 Id
909 1177 1038 1228 ipsum
1052 1174 1194 1214 accidit
1209 1178 1251 1213 et
1267 1173 1404 1225 Lipsio
1417 1175 1468 1214 ad
1486 1174 1541 1214 Η.
1559 1175 1618 1223 11,

143 1247 206 1285 19.
233 1249 277 1282 et
303 1243 484 1283 Pichenae
511 1244 555 1282 in
582 1242 666 1281 cod.
683 1242 789 1282 Flor.
807 1241 858 1281 ad
873 1242 920 1280 A.
936 1241 1014 1286 XI,
1033 1245 1073 1285 7.
1127 1240 1282 1278 Similes
1309 1251 1460 1278 errores
1485 1242 1620 1280 notavi

140 1308 192 1348 ad
209 1308 262 1348 Η.
281 1307 317 1355 1,
336 1311 400 1347 64.
427 1307 485 1354 11,
503 1313 568 1348 99.
622 1306 698 1353 111,
718 1313 783 1346 41.
822 1305 873 1353 V,
893 1309 958 1344 20.
1002 1301 1200 1357 Lepidum
1217 1304 1316 1344 illud
1330 1305 1453 1344 videri
1471 1311 1619 1358 potest,
1697 1313 1702 1320 '

143 1373 248 1426 quod
265 1386 314 1413 ex
330 1372 408 1413 hoc
426 1372 607 1412 Rhenani
624 1373 781 1411 silentio
797 1372 1039 1410 contrarium
1055 1371 1173 1421 plane
1191 1370 1386 1422 colligunt
1395 1370 1618 1413 Gronovius

142 1444 185 1477 et
201 1438 419 1477 Ernestius.
471 1438 628 1477 Scilicet
655 1436 871 1475 Rhenanus
882 1436 947 1492 ..ad
976 1434 1031 1474 H.
1049 1436 1106 1481 11,
1125 1439 1190 1474 80.
1218 1437 1430 1486 profitetur
1444 1449 1486 1475 se
1503 1450 1618 1490 repo-

143 1505 263 1543 misse
281 1503 434 1542 hiberna
451 1503 621 1543 relatum
647 1502 698 1541 ad
729 1502 966 1547 Germanica,
988 1513 1061 1540 nec
1088 1501 1250 1546 indicat,
1268 1514 1290 1540 e
1307 1501 1483 1541 Budensi
1498 1514 1551 1542 an
1567 1514 1618 1542 cx

139 1581 213 1608 suo
229 1569 402 1620 ingenio.
444 1568 652 1607 Ernestius
670 1581 692 1606 e
710 1566 884 1606 Budensi
912 1571 1041 1618 putat,
1069 1559 1223 1612 et,'ubi
1248 1567 1480 1617 simpliciter
1506 1567 1616 1606 Rhe-

143 1646 269 1674 nanus
285 1634 462 1686 corrigit,
474 1633 516 1672 id
533 1634 677 1672 indicio
695 1646 777 1671 esse
794 1633 1041 1684 pronuntiat,
1054 1644 1076 1669 e
1086 1631 1173 1670 MS.
1183 1637 1356 1670 sumtam
1374 1632 1613 1681 lectionem;

142 1704 188 1742 in
214 1711 292 1754 quo
313 1697 464 1749 judicio
491 1700 651 1751 egregie
676 1699 837 1738 fallitur.
891 1699 1040 1737 Contra
1067 1697 1288 1736 Gronovius
1315 1709 1366 1736 ex
1383 1710 1432 1736 eo
1457 1698 1618 1738 silentio

142 1763 277 1811 infert,
295 1764 377 1816 legi
392 1765 436 1803 in
452 1764 641 1809 Eudemi,
663 1763 827 1809 hiberno,
847 1768 889 1801 et
910 1763 988 1802 hoc
1006 1762 1164 1814 quidem
1180 1762 1268 1803 loco
1285 1775 1359 1802 acu
1375 1775 1460 1802 rem
1477 1767 1614 1812 tenet;

141 1841 276 1869 verum
295 1829 335 1869 id
350 1829 469 1881 vulgo
485 1829 610 1868 valere
629 1829 733 1880 quod
750 1833 876 1880 putat,
897 1833 939 1866 et
954 1828 1164 1866 lectionem
1183 1839 1264 1866 non
1282 1839 1365 1866 esse
1382 1840 1405 1866 e
1423 1828 1615 1876 Eudemi,

140 1894 216 1933 nisi
242 1894 283 1933 id
310 1900 442 1946 aperte
459 1895 691 1945 profiteatur
708 1893 938 1939 Rhenanus,
959 1898 1065 1931 errat
1081 1897 1123 1931 et
1142 1893 1236 1943 ipse.
1293 1891 1495 1939 Ceterum,
1509 1895 1617 1946 quod

141 1960 260 1999 etiam
284 1964 431 2015 praeter
457 1959 649 1998 Budensis
676 1959 818 1998 codicis
845 1959 1121 1997 auctoritatem
1149 1970 1230 1996 non
1257 1969 1382 2009 pauca
1398 1957 1616 1999 Rhenanus

142 2025 395 2067 inmutaverit
421 2023 676 2072 licentiosius,
708 2036 789 2064 non
814 2024 931 2075 plane
961 2023 1028 2063 abs
1057 2035 1099 2062 re
1128 2024 1306 2076 queritur
1332 2023 1483 2063 Theod.
1511 2024 1615 2076 Ryc-

142 2087 245 2131 kius.
1505 2106 1508 2110 ·

166 2286 172 2291 .
209 2217 329 2270 Post
374 2218 602 2287 Lipsium
646 2237 796 2271 nemo
831 2238 858 2271 e
900 2218 1068 2270 Taciti
1114 2210 1390 2270 editoribus
1436 2219 1615 2271 codice

142 2297 330 2365 scripto
347 2315 464 2349 usus
479 2307 573 2359 est,
587 2300 725 2365 quod
739 2299 971 2360 sciamuS,
981 2305 1097 2349 ante
1117 2297 1316 2348 Theod.
1341 2297 1613 2365 Ryckium.

143 2375 194 2428 Is
229 2378 459 2429 codicem
493 2377 669 2429 habuit
704 2395 837 2439 eum,
873 2379 960 2445 qui
995 2379 1250 2445 quondam
1294 2377 1428 2428 Rod.
1466 2376 1624 2444 Agri»-

141 2454 268 2507 colae
287 2455 470 2517 fixerat,
495 2458 632 2508 unde
668 2459 916 2522 Agricoloe
946 2459 1098 2508 codex·
1133 2465 1359 2506 vocatur.
1431 2454 1511 2506 Ex
1552 2471 1617 2508 eo

141 2535 369 2603 quaedam
415 2545 654 2603 excerpta
699 2554 814 2587 cum
860 2536 1033 2604 Lipsio
1068 2534 1461 2587 communicavit
1494 2534 1615 2586 olim

140 2612 436 2665 Franciscus
483 2613 724 2665 Modiuss
769 2632 881 2681 quae
927 2615 1127 2683 Lipsius
1171 2631 1264 2682 pro
1310 2613 1617 2681 conjecturis

139 2691 307 2758 potius
341 2691 617 2759 Agricolae,
651 2710 802 2760 quam
834 2694 1137 2745 lectionibus
1172 2693 1362 2744 codicis
1402 2692 1616 2759 antiqui,

139 2770 332 2832 habuit,
351 2781 408 2823 ut
431 2788 458 2822 e
483 2772 615 2823 notis
639 2772 746 2839 ejus
769 2782 992 2840 apparet,
1010 2773 1126 2823 vide
1149 2791 1195 2823 v.
1218 2789 1262 2822 c.
1283 2772 1347 2822 ad
1372 2770 1438 2822 A.
1463 2769 1615 2832 XIV,

144 2854 221 2899 60.
246 2858 375 2901 extr.
445 2850 575 2903 Eum
611 2851 842 2904 codicem
867 2869 983 2903 curn
1006 2852 1238 2904 habuerit
1263 2850 1510 2920 Ryckius,
1532 2866 1616 2902 eo·
