1924 3236
412 150 493 185 350
944 143 1319 183 ANNALIUM

303 257 344 289 A.
361 255 405 287 U.
420 245 504 289 Sed
526 244 760 288 creditores
775 243 820 287 in
843 242 1026 287 solidum
1050 242 1348 300 adpellabant:
1379 259 1460 289 nec
1481 246 1686 290 decorum
1704 248 1758 292 ad
1792 249 1853 292 el-
1907 238 1924 295 ξ’

314 299 388 374 ⁷⁸2,-
416 303 530 356 latis,
545 302 739 345 minuere
756 302 903 345 fidem.
944 300 1013 343 Ita
1030 300 1171 358 primo
1192 304 1466 345 concursatio
1486 314 1532 347 et
1550 320 1719 362 preces:
1780 307 1852 351 ein
1901 288 1924 341 ἢ

322 364 395 417 3”3,”
415 370 604 461 strepere
638 359 844 403 Praetoris
873 357 1090 401 tribunal!
1122 372 1272 415 eaque,
1300 373 1398 414 quae
1434 363 1622 405 remedio
1652 365 1852 421 quaesita,

412 434 494 462 ven
529 418 607 460 itio
625 427 670 460 et
688 416 868 473 emptio,
888 416 933 457 in
951 416 1214 458 contrarium
1239 416 1420 469 mutari3
1443 419 1545 474 quia
1564 420 1851 465 foeneratores
1908 414 1920 459 's'

413 491 587 519 omnem
623 474 852 532 pecuniam
885 473 1127 516 mercandis
1159 473 1274 530 agris
1301 475 1600 521 condiderant.
1660 478 1850 536 Copiam
1915 509 1921 524 2

410 533 626 577 vendendi
667 540 817 574 secuta
848 530 1029 583 vilitate,
1062 542 1226 587 quanto
1266 531 1363 587 quis
1401 533 1650 588 obaeratior‚
1688 538 1849 594 aegfjus
1897 519 1924 582 ’ῗί

409 589 736 642 distrahebant;
779 588 989 645 multique
1030 587 1216 630 fortunis
1254 590 1645 645 provolvebantur:
1684 595 1850 636 eversio
1908 582 1924 664 Ξ

409 649 471 691 rei
495 647 717 689 familiaris
747 646 1008 703 dignitatem
1030 661 1081 688 ac
1102 646 1261 688 famam
1295 661 1489 705 praeceps
1520 649 1680 692 dabat:
1712 650 1850 694 donec
1908 663 1924 699 ἠ

411 705 512 747 tulit
539 719 666 761 opem
701 703 865 755 Caesar,
894 703 1107 760 disposito
1138 717 1214 760 per
1244 718 1412 746 mensas
1451 705 1605 748 millies
1637 708 1851 760 sestertio,

411 763 615 819 factaque
636 762 866 803 mutuandi
885 761 1014 819 copia
1036 761 1126 808 sine
1145 761 1282 819 ugljgis
1305 776 1381 819 per
1402 763 1652 816 triennium,
1671 765 1704 807 si
1728 765 1850 808 debi-

409 830 480 863 tor
501 818 663 878 populo
686 819 730 862 in
753 819 932 877 duplum
964 818 1139 875 praediis
1171 817 1369 862 cavisset.
1430 820 1503 862 Sic
1534 822 1698 865 refecta
1727 822 1849 876 fides,

407 885 455 921 et
485 877 707 936 paullatim
740 877 898 934 privati
929 890 1103 932 quoque
1131 875 1364 919 creditores
1395 878 1568 934 reperti.
1601 893 1739 936 neque
1756 894 1846 922 em·-

408 935 504 994 ptio
525 949 726 994 agrorum
745 934 938 977 exercita
950 934 1004 976 ad
1026 933 1209 975 formam
1233 933 1630 990 Senatusconsulti3
1659 937 1848 991 acribus,

346 999 396 1038 18
411 1002 459 1036 ut
480 992 614 1036 ferme
639 992 757 1044 talia,
779 992 930 1043 initiis,
954 990 1174 1032 incurioso
1197 989 1296 1031 fine.
1344 990 1458 1033 Dein
1481 993 1661 1035 redeunt
1682 995 1847 1052 priores

408 1060 566 1103 metus,
604 1049 823 1107 postulato
853 1047 1092 1105 majestatis
1127 1047 1338 1090 Considio
1372 1047 1583 1092 Proculo:
1615 1051 1706 1107 qui,
1727 1052 1846 1095 nullo

406 1123 570 1167 pavore
598 1108 710 1149 diem
744 1106 932 1148 natalem
964 1105 1200 1156 celebrans,
1229 1115 1376 1162 raptus
1399 1106 1642 1160 incuriam,
1665 1109 1846 1165 pariter-

407 1180 492 1222 que
513 1165 742 1208 damnatus
764 1163 1119 1219 interfectusque.
1181 1162 1237 1204 Et
1258 1163 1393 1205 sorori
1424 1162 1517 1220 ejus
1545 1164 1715 1208 Sanciae
1735 1180 1847 1222 aqua

407 1233 538 1279 atque
568 1222 661 1279 igni
694 1221 988 1273 interdictum,
1019 1228 1250 1262 accusante
1281 1221 1339 1268 Q.
1371 1221 1633 1279 Pomponio.
1656 1222 1690 1264 is
1714 1224 1846 1265 mori-

405 1281 488 1323 bus
510 1280 694 1336 inquies,
715 1278 796 1321 Izaec
814 1287 851 1321 et
878 1277 1149 1335 hzfjuscemodi
1172 1292 1198 1319 a
1230 1293 1269 1320 se
1288 1277 1504 1335 jactitari,
1533 1280 1846 1336 praetendebat,

406 1345 468 1389 ut,
481 1344 609 1394 parta
629 1337 740 1394 apud
762 1336 1000 1392 Principem
1021 1335 1179 1393 gratia,
1195 1334 1392 1391 periculis
1417 1336 1635 1392 Pomponii
1652 1335 1843 1391 Secundi,

395 1394 554 1455 fratris
575 1395 811 1438 mederetur.
872 1393 1017 1436 Etiam
1040 1393 1083 1435 in
1104 1392 1358 1450 Pompeiam
1375 1391 1620 1436 Macrinam
1642 1395 1844 1438 exsilium

407 1453 628 1505 statuitur,
650 1452 776 1509 cujus
806 1451 1008 1494 maritum
1039 1449 1309 1507 Argolicum,
1339 1465 1535 1494 socerum
1569 1451 1844 1505 Laconem,e

405 1511 668 1567 primoribus
708 1508 1169 1561 Achaeorum‚,Caesar
1209 1508 1453 1551 adflixerat.
1505 1509 1635 1551 Pater
1670 1524 1843 1566 quoque

405 1568 600 1611 inlustris
624 1567 768 1624 Eques
790 1566 1031 1618 Romanus,
1048 1581 1097 1608 ac
1119 1564 1250 1607 frater
1274 1565 1523 1619 Praetorius,
1545 1581 1643 1608 cum
1666 1567 1844 1610 damna-

401 1678 454 1710 pr.
482 1670 627 1701 Gronov.
654 1670 687 1700 in
727 1668 890 1700 Mantissa
916 1668 955 1699 de
984 1677 1103 1710 pecun.
1146 1665 1284 1698 chenam
1311 1667 1459 1707 sequitur
1486 1664 1659 1706 hactenus,
1681 1671 1719 1698 ut
1746 1679 1843 1709 pecu-

401 1715 468 1744 vet.
494 1723 521 1743 c.
553 1716 581 1743 1.
623 1712 703 1751 Ejus
733 1712 779 1742 rei
810 1711 975 1751 ignoratio
1001 1711 1103 1741 etiam
1145 1709 1235 1740 niam
1258 1710 1292 1740 in
1316 1720 1391 1740 arca
1413 1720 1632 1752 compressam
1655 1710 1842 1742 adivitibus

401 1755 482 1785 loeis
498 1753 692 1795 quibusdam
708 1753 794 1785 Livii
808 1754 961 1784 tenebras
973 1753 1102 1784 offudit.
1145 1757 1254 1791 putet,
1270 1757 1308 1782 ut
1323 1753 1501 1792 paratiores
1516 1758 1625 1784 essent
1644 1752 1685 1786 ad
1698 1753 1841 1786 occasio-

403 1797 490 1828 ERN.
1145 1803 1220 1824 nem
1237 1794 1318 1824 bene
1331 1794 1473 1827 emendi.
1517 1795 1642 1827 Verum
1657 1795 1774 1827 vidisse
1787 1805 1840 1828 ar-

449 1839 627 1871 creditores
651 1847 687 1868 m
708 1837 848 1869 solidum
869 1835 1095 1878 appellabant]
1143 1835 1260 1867 bitror.
1306 1836 1394 1867 Eas.

402 1880 471 1912 lnt.
496 1881 680 1919 debitores;
705 1880 760 1919 qui
785 1880 913 1920 proprie
936 1879 1099 1919 appellari
1181 1876 1333 1916 AEgrius
1355 1877 1594 1919 distrahebant]
1617 1877 1705 1919 Quia
1732 1883 1840 1910 emto-

399 1923 568 1960 dicuntur,
582 1933 658 1954 cum
674 1922 812 1963 pecunia
825 1921 950 1953 credita
964 1921 1006 1952 ab
1021 1920 1098 1961 ipsis
1141 1928 1204 1956 τες,
1233 1919 1427 1952 necessitate
1451 1920 1612 1951 vendendi
1633 1921 1777 1962 cognita,
1798 1920 1841 1950 si-

399 1966 595 2007 reposcitur,
610 1974 685 1996 cum
709 1963 749 1995 de
771 1964 936 1995 solutione
960 1973 1097 1995 monen·
1139 1961 1324 1998 mulabant,
1337 1962 1399 1993 sibi
1419 1972 1486 1993 non
1507 1972 1590 2003 opus
1611 1963 1710 2002 agris,
1725 1966 1760 1994 et
1775 1961 1842 1994 alia

398 2013 469 2046 tur,
480 2014 518 2039 ut
533 2017 620 2039 mox.
633 2006 840 2038 notissimum
854 2006 957 2038 illud:
974 2008 1098 2046 optima
1139 2003 1270 2040 similia,
1279 2010 1318 2036 ut
1331 2004 1384 2040 fit,
1399 2009 1437 2035 ut
1453 2014 1550 2044 quam
1570 2004 1709 2036 minimo
1729 2005 1838 2046 pretio

397 2052 534 2082 nomina
560 2060 624 2081 non
650 2049 844 2089 appellando
868 2048 966 2089 fiunt
994 2049 1098 2079 mala.
1139 2051 1299 2078 emerent.
1344 2046 1431 2078 ERN.

398 2092 512 2124 Etiam
541 2093 682 2124 solidum
712 2091 881 2133 proprium
911 2090 946 2121 in
973 2089 1035 2122 hac
1063 2100 1098 2121 re
1183 2088 1325 2120 Famam
1334 2098 1479 2129 proeceps
1491 2087 1606 2129 dabat]
1633 2087 1697 2120 Hic
1712 2098 1840 2130 quoque

397 2135 545 2167 verbum.
603 2135 673 2166 Cic.
710 2143 768 2174 pro
805 2133 887 2165 Rab.
923 2133 1014 2164 Post.
1050 2136 1098 2166 17.
1144 2130 1285 2168 (Mutet.
1308 2131 1448 2171 Acidal.)
1475 2130 1678 2162 inculcatum
1695 2138 1777 2163 eunt
1792 2134 1841 2163 in.

396 2178 536 2210 solidum
551 2179 684 2208 solvere.
693 2176 837 2217 Quintil.
853 2178 885 2214 5,
899 2177 950 2207 10.
960 2175 1099 2207 solidum
1140 2173 1215 2205 vid.
1229 2173 1270 2204 ad
1286 2175 1318 2211 4,
1334 2173 1388 2205 62.
1431 2173 1518 2205 ERN.
1904 2207 1906 2211 y

393 2224 516 2262 petere.
560 2219 648 2251 ERN.
1183 2216 1307 2247 Millies
1327 2215 1484 2255 sestertio]
1515 2215 1568 2246 Sic
1590 2213 1777 2256 legendum,
1801 2220 1840 2247 ut
1889 2211 1903 2216 ”

445 2261 669 2302 Concursatio]
700 2261 796 2293 More
819 2260 986 2292 Ciceronis
1009 2259 1098 2291 dicta
1140 2262 1191 2289 est
1214 2258 1248 2288 in
1271 2258 1344 2289 MS.
1367 2262 1400 2289 et
1423 2258 1530 2295 editis,
1553 2268 1619 2288 non
1643 2259 1839 2299 sestertium,

397 2304 438 2336 de
458 2316 511 2343 eo,
534 2306 589 2345 qui
613 2304 709 2335 anxie
723 2304 852 2335 laborat
866 2303 905 2334 de
923 2313 956 2333 re
971 2302 1095 2342 aliqua,
1141 2305 1178 2331 ut
1201 2300 1364 2336 Muretus,
1390 2300 1528 2332 Ursinus
1549 2300 1686 2331 volunt:
1712 2300 1751 2331 de
1772 2301 1854 2340 quo'
1889 2296 1909 2337 ᾗ,

397 2347 561 2386 adeundo,
585 2346 770 2387 allegando,
788 2346 939 2387 petendo.
987 2345 1094 2376 Cicer.
1138 2352 1259 2382 genere
1287 2342 1329 2374 ad
1355 2344 1388 2381 2,
1415 2343 1467 2375 86.
1502 2343 1628 2374 mentio
1660 2341 1750 2374 facta
1776 2345 1838 2375 est.
1886 2339 1911 2385 ³:²3⁵*

397 2389 439 2420 ad
454 2390 531 2421 Div.
551 2393 580 2427 1,
602 2393 626 2421 Ι.
671 2388 806 2420 Libonis
826 2392 857 2419 et
875 2387 1011 2427 Hypsoei
1033 2397 1096 2418 non
1138 2387 1250 2417 Giton.
1895 2383 1909 2388 ”

397 2433 534 2464 obscura
544 2432 747 2463 concursatio
761 2435 792 2462 et
805 2431 983 2461 contencio:
997 2439 1095 2469 quem
1182 2427 1326 2458 Praediis
1352 2425 1503 2467 cavisset]
1541 2425 1684 2458 Piohena
1710 2435 1853 2466 vocem„

395 2473 508 2507 locum
530 2474 564 2505 in
588 2479 699 2505 ruente
721 2473 871 2505 habuisse
891 2472 1030 2504 Tacitus
1048 2474 1095 2503 vi-
1131 2470 1281 2511 praediz‘s,
1305 2479 1372 2500 non
1393 2470 1532 2510 spernit,
1551 2474 1663 2500 tamen
1686 2469 1838 2508 ambigit,
1880 2473 1882 2476 ’

397 2515 506 2548 detur.
551 2517 640 2547 ERN.
1138 2522 1219 2544 num
1243 2512 1362 2549 verius,
1379 2511 1557 2552 proedibus,
1573 2519 1650 2541 usus
1664 2509 1738 2541 loco
1751 2509 1839 2541 Livii
1872 2536 1874 2538 .

439 2559 626 2590 Pecuniam
642 2557 827 2588 mercandis
839 2557 933 2596 agris
947 2555 1095 2587 condiclo-
1137 2557 1192 2592 22,
1208 2555 1261 2586 60.
1283 2554 1338 2585 ubi
1352 2553 1476 2595 praedes
1497 2558 1532 2584 et
1553 2550 1676 2594 proedia
1689 2552 1839 2592 jungun-
1899 2554 1909 2588 ,ζ

395 2601 492 2641 rane]
522 2600 699 2632 Salmasius
730 2604 827 2641 putat
855 2598 1031 2639 legendum
1059 2599 1096 2629 in
1137 2603 1207 2629 tur.
1231 2597 1299 2627 Cur
1313 2601 1423 2627 autem
1433 2595 1600 2636 proedibur
1614 2595 1722 2635 potius
1738 2603 1836 2634 quam
1880 2592 1903 2633 μ’

395 2644 583 2675 mercandis
598 2642 703 2682 agris,
714 2647 748 2673 et
763 2642 897 2673 condere
910 2640 995 2672 idern
1008 2640 1095 2681 quod
1131 2638 1279 2680 proediis,
1294 2639 1320 2669 si
1333 2647 1436 2668 unum
1453 2637 1594 2668 sufficit?
1620 2645 1696 2667 nam
1712 2636 1845 2676 pra-des.
1878 2639 1896 2677 -ff

388 2694 526 2728 ponere,
540 2686 706 2720 collocare.
720 2684 818 2715 verba
838 2684 872 2715 in
894 2682 956 2714 hac
979 2692 1013 2713 re
1035 2683 1095 2713 tri·
1136 2687 1250 2713 tamen
1265 2686 1383 2712 cavent
1397 2679 1525 2720 praediis
1539 2678 1618 2716 suis,
1631 2682 1666 2708 et
1681 2678 1735 2718 qni
1753 2687 1837 2719 proe-
1876 2678 1891 2702 *ἰ

396 2727 536 2760 tissima.
581 2726 724 2758 Pichena
737 2730 834 2767 putat
855 2724 1095 2757 abscondidisse
1137 2724 1198 2755 diis
1212 2727 1343 2760 cavent,
1357 2721 1482 2763 praedes
1492 2726 1581 2753 sunt.
1617 2721 1706 2752 ERN.
1746 2719 1839 2753 Adde
1887 2732 1909 2738 ·’

396 2769 515 2802 divites
530 2769 717 2811 pecuniam,
732 2772 772 2799 ut
785 2768 947 2799 obaeratos
970 2766 1094 2807 redige·
1137 2767 1209 2799 Cic.
1224 2766 1317 2797 Verr.
1336 2767 1364 2801 1,
1380 2766 1432 2795 ⁵4.

397 2817 472 2844 rent
495 2811 536 2844 ad
558 2811 787 2843 necessitatem
809 2809 965 2841 vilissimo
988 2810 1094 2850 pretio
1179 2807 1354 2849 Pomponii
1370 2805 1456 2846 Set-,J
1479 2804 1562 2837 Vide
1575 2807 1606 2843 5,
1624 2807 1657 2837 8.

397 2854 558 2886 vendendi
572 2854 633 2885 sibi
647 2862 755 2894 agi-⁰9.
799 2852 983 2884 Gronovius
996 2852 1095 2883 Man·
1179 2850 1338 2884 Inlustris
1350 2847 1477 2891 Eques]
1506 2847 1580 2880 vid.
1595 2846 1636 2881 ad
1654 2849 1706 2888 11,
1720 2849 1752 2879 4.

396 2896 468 2930 tiss.
489 2895 530 2930 de
552 2907 624 2941 pec.
645 2899 714 2929 vet.
732 2905 773 2928 c.·
788 2897 816 2927 1.
834 2904 866 2937 p.
883 2904 928 2927 m.
942 2897 1018 2928 417.
1041 2894 1095 2926 Pi-
