1956 3250
586 180 1043 232 PRAEFATIO.
1441 180 1547 231 xlix

96 319 375 390 perfugium
411 325 548 368 certe
593 318 818 367 inscitiae.
887 315 1008 366 Non
1052 314 1326 365 videndum
1379 322 1455 364 est
1499 314 1551 364 in

97 398 416 465 scriptoribus
457 396 689 462 antiquis,
727 411 839 461 quae
874 393 1077 460 vulgata
1114 393 1267 444 lectio
1297 392 1379 452 sit,
1411 395 1555 458 (sunt

94 477 228 527 enim
252 491 382 541 saepe
404 475 457 523 in
480 490 582 523 uno
604 473 718 523 loco
740 472 906 539 plures
940 471 1156 538 vulgatae
1177 491 1190 531 3
1229 478 1378 536 atque
1403 470 1556 520 etiam

95 555 291 605 mendae
326 552 608 619 vulgantur,
648 560 705 601 ut
741 550 930 601 centies
965 550 1017 598 in
1053 549 1184 599 notis
1223 550 1286 598 ad
1318 547 1555 597 Tacitum

93 631 270 694 docui)
307 633 395 681 sed
431 647 542 697 quae
580 631 713 679 bona
752 629 833 688 sit,
857 645 885 677 e
914 628 1059 678 bonis
1081 627 1218 678 libris
1241 635 1294 678 et
1316 628 1556 676 correctis

96 712 269 773 ducta,
290 719 342 760 et
362 710 546 775 linguae
568 708 760 774 legibus
783 708 1029 772 rebusque
1053 706 1372 756 consentiens
1402 706 1557 754 maxi-

96 806 193 839 me.
266 788 365 838 Sed
403 796 597 853 tempus
637 794 713 836 est
749 786 953 836 dicendi
992 786 1056 835 de
1102 793 1271 835 nostra
1314 784 1556 846 editione,

41 920 55 936 ¹
98 867 316 933 quidque
334 867 386 915 in
410 884 469 916 ea
492 867 711 916 curanda
732 873 901 914 actum
925 864 1003 914 sit.

87 936 103 978 ‘-
158 945 207 995 J.
248 944 315 994 G.
349 944 577 994 Graevius
625 944 957 1003 existimabat,
998 940 1166 992 Taciti
1194 941 1347 992 libros
1390 941 1556 992 adhuc

94 1022 238 1073 valde
262 1040 368 1073 esse
387 1024 671 1081 mendosos,
689 1022 1077 1087 mirabaturque,
1095 1021 1321 1087 Lipsium
1346 1023 1410 1071 de
1433 1021 1556 1070 locis

86 1102 343 1166 ,mendosis
365 1111 467 1154 tam
497 1119 606 1151 raro
637 1101 949 1151 admonuisse
974 1101 1024 1149 in
1051 1100 1410 1151 commentario
1434 1117 1555 1150 suo:

96 1182 146 1231 in
167 1197 241 1245 ep.
265 1183 334 1231 ad
352 1182 528 1230 Heins.
557 1183 616 1230 T.
640 1182 680 1230 I
685 1181 730 1230 V
727 1217 738 1229 .
759 1182 941 1230 Collect.
969 1182 1138 1229 Bzcrm.
1158 1195 1208 1245 p.
1232 1185 1346 1228 498.
1375 1179 1554 1229 Recte.

97 1260 276 1326 Neque
311 1260 363 1309 id
391 1259 628 1309 librorum
669 1260 821 1308 modo
861 1259 1156 1324 scriptorum
1189 1258 1312 1308 vitio
1353 1258 1557 1318 accidit,

97 1356 307 1405 quorum
344 1338 494 1388 etiam
534 1339 750 1404 optimus
778 1337 988 1403 quisque
1015 1337 1221 1386 vitiosus
1244 1335 1412 1387 multis
1433 1336 1560 1386 locis

98 1426 149 1467 et
187 1416 509 1483 interpolatus
546 1424 639 1476 est,
662 1424 719 1464 ut
750 1433 896 1481 supra
918 1416 1150 1475 vidimus,
1176 1424 1408 1480 notaeque
1431 1415 1562 1465 viro-

98 1512 206 1545 rum
230 1495 493 1544 doctorum
512 1511 613 1544 non
638 1511 739 1543 uno
762 1494 876 1544 loco
900 1495 1105 1554 docent,
1125 1495 1211 1544 sed
1228 1494 1377 1544 etiam
1401 1494 1561 1544 edito-

96 1591 224 1633 rum,
247 1573 351 1639 qui,
374 1572 613 1639 exemplis
635 1573 887 1624 veteribus
927 1589 1029 1622 non
1063 1572 1331 1638 diligenter
1354 1573 1561 1638 conqui-

95 1653 261 1702 rendis
305 1652 768 1718 comparandisque,
812 1652 934 1701 vitia
972 1650 1234 1717 operarum
1271 1668 1373 1701 non
1407 1651 1563 1707 anim-

96 1732 300 1780 adversa
349 1739 764 1796 propagaverunt.
835 1730 1014 1796 Itaque
1062 1730 1180 1780 dedi
1220 1747 1442 1795 operam,
1486 1738 1563 1794 ut,

96 1811 261 1876 quoad
314 1809 574 1876 diligentia
627 1809 1041 1859 conferendarum
1098 1817 1324 1861 veterum
1383 1809 1564 1859 editio-

95 1905 214 1940 num
237 1888 342 1939 fieri
371 1889 556 1955 pesset,
584 1887 893 1956 perficerem,
916 1905 981 1938 ne
1004 1888 1067 1938 ab
1090 1886 1185 1938 hac
1208 1896 1349 1955 parte
1371 1887 1562 1954 aliquid

94 1968 424 2028 omitteretur,
460 1984 561 2035 quo
602 1968 911 2018 emendatior
950 1966 1160 2017 Tacitus
1194 1967 1339 2017 reddi
1374 1974 1562 2034 posset.

98 2044 165 2095 Et
183 2045 320 2097 libris
342 2046 488 2097 editis
511 2047 714 2112 quidem
738 2063 855 2097 usus
891 2063 998 2096 sum
1036 2046 1286 2107 omnibuS,
1311 2046 1396 2112 qui
1414 2046 1564 2112 prod-

97 2140 203 2175 esse
225 2132 473 2190 poterant,
491 2124 588 2175 hoc
612 2134 688 2176 est
709 2125 787 2186 iis,
810 2127 874 2176 de
899 2125 1078 2191 quibus
1109 2133 1225 2175 ante
1249 2125 1442 2175 dictum
1467 2132 1562 2193 est,

96 2218 306 2268 quorum
330 2204 668 2264 varietatibus,
691 2213 878 2270 quanta
910 2204 1052 2271 potui
1082 2203 1363 2270 diligentia,
1386 2211 1563 2253 notan-

93 2280 189 2342 dis,
211 2290 510 2332 consecutus
534 2299 661 2343 sum,
684 2292 741 2333 ut
771 2299 874 2332 non
899 2284 1052 2333 modo
1076 2282 1244 2332 multis
1266 2282 1390 2332 locis
1414 2281 1564 2332 Taci-

94 2366 202 2410 tum
244 2360 377 2410 vitiis
412 2377 694 2427 operarum,
729 2370 919 2412 temere
959 2378 1048 2428 per
1096 2361 1276 2411 multas
1313 2361 1562 2412 editiones

92 2438 395 2505 propagatis,
429 2438 709 2501 liberarem,
749 2442 837 2490 sed
882 2440 1032 2491 etiam
1078 2440 1271 2506 origine
1318 2439 1561 2506 cujusque

91 2516 321 2567 lectionis
343 2526 556 2584 reperta,
579 2535 692 2584 quae
715 2519 891 2569 melior
921 2528 1068 2579 esset,
1090 2519 1321 2586 judicare
1343 2535 1558 2585 possem.

92 2593 289 2646 Vellem
326 2596 578 2662 equidem,
604 2606 662 2647 ut
697 2598 817 2646 mihi
852 2597 1074 2648 licuisset
1110 2597 1312 2648 codices
1349 2598 1562 2664 scriptos

95 2674 408 2740 conquirere,
443 2675 602 2742 iisque
640 2677 955 2726 excutiendis
986 2676 1174 2743 aliquid
1218 2678 1282 2726 ad
1323 2675 1558 2727 Tacitum

94 2753 461 2804 emendandum
499 2753 773 2820 adjumenti
811 2771 1133 2822 comparare:
1176 2756 1283 2815 sed,
1323 2755 1559 2821 quoniam

92 2828 231 2891 boni,
267 2831 353 2896 qui
387 2832 589 2897 quidem
630 2834 854 2883 nondum
890 2832 943 2882 in
978 2832 1239 2884 consilium
1272 2834 1334 2883 ab
1366 2833 1559 2884 editore

97 2904 261 2973 aliquo
298 2910 464 2959 vocati
501 2918 684 2970 essent,
707 2927 809 2963 non
842 2911 1247 2979 suppeditabant,
1269 2910 1418 2962 editis
1442 2926 1559 2961 con-

162 3000 278 3035 voL.
299 3003 332 3035 1.
359 3005 403 3038 P.
431 3004 464 3037 1.
856 2990 892 3040 d
