1956 3250
438 165 488 200 ιο
975 154 1355 208 ΑΝΝΑῙΛΠΜ
1936 92 1956 255 ἐ

438 265 548 307 sime
575 262 817 321 cupiverat.
879 262 942 305 Ut
971 262 1175 320 Agrippa.
1202 262 1295 304 vita
1320 262 1554 315 concessit,
1582 261 1631 304 L.
1655 260 1910 316 Caesaremy·
1939 279 1944 286 ¹

436 331 614 365 euntem
643 321 695 364 ad
721 320 1038 378 Hispanienses
1070 319 1303 372 exercitus,
1326 319 1500 371 Caium,
1523 330 1785 362 remeantem
1808 320 1912 363 Arm
1939 335 1942 342 ·

436 380 583 422 menia
604 388 650 422 et
671 380 847 423 vulnere
869 378 1124 429 invalidum,
1146 391 1262 431 mors
1284 378 1375 420 fato
1396 392 1582 435 propera
1603 376 1669 419 vel
1691 378 1911 423 noverca!⁴
1934 370 1941 415 Ϊ

441 438 578 481 Liviae
601 437 725 480 dolus
747 435 954 488 abstulit3
979 435 1212 491 Drusoque
1238 435 1400 492 pridem
1423 436 1658 488 exstincto,
1681 436 1798 477 Nero
1820 447 1911 476 som
1938 443 1940 445 ’

436 495 504 538 lus
539 511 564 537 e
602 495 815 552 privignis
852 503 970 534 erat:
1003 493 1106 534 illuc
1137 502 1298 534 cuncta
1329 507 1530 550 vergere:
1564 493 1697 546 filius,
1723 492 1895 550 'colle-ga·

438 554 625 611 imperii,
643 566 819 595 consors
840 550 1109 593 Tribuniciae
1133 550 1361 608 potestatis
1383 550 1639 604 adsumitur,
1663 550 1895 607 omnisque

437 673 470 702 8.
493 670 605 701 GRON.
639 668 729 699 Olim
745 667 924 708 depravato
939 675 1036 697 sensu
1051 665 1142 705 lege·
1184 670 1224 696 ut
1247 665 1327 703 dixi,
1350 666 1491 698 defectio
1513 669 1549 697 ct
1570 666 1681 698 hiatus
1706 669 1770 706 est,
1793 669 1904 707 atque

437 712 538 744 batur
558 712 733 743 destinare.
778 711 903 743 Verum
920 708 1143 750 cum‘Ryckio

437 754 571 787 Ernest.
585 754 707 795 posuit.

486 797 602 829 Caium
637 798 839 827 remeantem
875 792 1052 833 Armenia]
1102 792 1143 823 In

437 839 541 881 Lycia
555 844 726 870 mortuum
741 847 818 870 eum
836 836 943 868 voluit
965 835 1144 867 Suetonius

438 892 514 913 cum
535 882 676 919 Velleio,
698 880 754 912 ille
777 880 861 921 Aug.
877 880 930 910 65.
951 878 1007 910 hic
1022 881 1054 916 2,
1074 881 1144 909 102.

436 924 551 956 Etiam
568 924 683 956 Florus
697 926 730 961 4,
750 925 800 961 1⁶2,
813 925 865 954 42.
902 922 1063 958 fllassilioe
1075 920 1145 952 Lu-

437 968 508 998 cius
518 968 628 999 morbo
641 967 797 997 solvitur.-
819 966 855 997 in
874 965 979 1005 Lycia
994 964 1092 995 Caius·
1105 973 1146 994 exc

436 1012 582 1041 vulnere.
629 1009 762 1049 Fugerit
775 1018 853 1049 ergo
871 1008 955 1040 ratio
969 1007 1146 1038 memorio-

437 1062 511 1084 sum
540 1052 635 1084 illum
658 1061 770 1083 senem
794 1060 925 1084 necesse
946 1054 1010 1088 est,
1032 1049 1087 1088 qui
1110 1049 1145 1079 in

436 1096 532 1137 Syria
545 1094 683 1127 tradidit
696 1094 901 1126 defunctum.
945 1092 1030 1123 Dico
1044 1093 1146 1123 Sene-

438 1148 512 1169 cam
531 1138 565 1169 in
581 1139 744 1170 Controv.
760 1140 793 1168 4.
811 1146 860 1178 pr.
906 1134 969 1166 Sed
990 1135 1054 1165 erit
1076 1134 1144 1165 for-

437 1184 538 1219 tusse,
553 1181 610 1221 qui
623 1180 755 1221 culpam
769 1189 843 1210 cam
856 1179 890 1210 in
908 1177 1144 1219 exscriptorem

439 1224 601 1260 conferet,
631 1222 864 1262 rescribatque,
893 1221 1011 1262 Lycia.
1058 1220 1143 1250 Addi

439 1266 539 1297 velim
555 1265 706 1297 Suetonii
722 1263 832 1296 locum
846 1263 924 1296 Tib.
939 1262 970 1295 c.
990 1265 1037 1294 15.
1067 1264 1144 1294 Caio

438 1313 471 1339 et
500 1309 604 1340 Lucio
636 1309 730 1338 intra
758 1307 940 1340 triennium
967 1304 1144 1344 desitne-tis,

439 1351 619 1392 adoptatur
631 1352 673 1382 ab
680 1352 846 1390 Augusto.
864 1359 924 1380 nec
936 1337 1009 1382 addi
1023 1349 1144 1387 solum,

440 1394 497 1425 sed
510 1399 546 1425 et
559 1395 691 1434 corrigi.
735 1393 822 1424 Nam
845 1392 909 1424 hoc
930 1391 971 1423 de
985 1391 1145 1429 triennio,

441 1445 554 1468 nonne
576 1437 674 1467 nimis
695 1435 832 1468 laxum?
878 1435 1025 1476 Apparet
1037 1445 1055 1465 e
1070 1434 1147 1465 Vel-

440 1479 498 1510 leii
520 1479 545 1511 l.
561 1478 585 1510 l.
613 1479 723 1515 Caius,
746 1478 866 1517 inquit,
884 1477 921 1508 in
942 1477 1023 1508 urbe
1037 1476 1149 1516 Lyciae

442 1523 552 1553 morbo
563 1523 652 1560 obiit,
666 1531 742 1552 cum
756 1524 835 1552 ante
849 1518 1094 1559 annumferme
1106 1518 1149 1549 L.

444 1564 555 1596 Coesar
569 1564 728 1596 Massiliae
742 1563 850 1594 morbo
861 1563 1051 1594 decessisset.
1085 1562 1149 1598 En,

438 1607 614 1638 dumtaxat
630 1605 843 1638 intervallum
856 1605 934 1636 fecit
948 1604 1061 1645 paullo
1071 1604 1145 1645 plus

438 1650 531 1681 anni.
576 1649 621 1681 Et
636 1651 705 1691 ipse
727 1649 819 1680 Suet.
836 1648 859 1680 1.
876 1647 900 1679 l.
923 1648 1147 1687 duodezagvinei

438 1692 539 1723 modo
566 1701 691 1724 menses
721 1691 916 1733 interponit.
937 1711 942 1716 ·
960 1690 1039 1721 Non
1067 1700 1146 1730 ergo

439 1735 600 1775 ambiges,
628 1735 708 1775 quin
733 1733 896 1765 scribend.
931 1733 1026 1764 intra
1059 1733 1147 1763 bien-

437 1778 552 1809 nium:
571 1778 597 1808 si
611 1777 702 1809 hunc
716 1782 872 1818 putamus
886 1784 1030 1807 sensum.
1055 1775 1145 1806 Nam

440 1819 476 1851 in
499 1820 602 1852 alium
618 1830 671 1851 me
694 1819 788 1851 duxit
802 1818 839 1850 P.
853 1819 910 1850 «lo.
926 1817 1112 1850 Deckerius
1127 1828 1146 1849 e

440 1863 608 1894 societate
621 1863 715 1899 Jesn,
727 1862 783 1902 qui
797 1861 898 1893 refert
907 1860 948 1892 ad
963 1861 1146 1892 triennium

438 1905 608 1937 Tiberiani
636 1904 772 1942 reditus,
799 1910 835 1935 et
866 1903 940 1934 vult
966 1908 1146 1944 utrumque

437 1947 572 1996 periisse
583 1948 672 1979 intra
681 1950 748 1978 tres
762 1947 884 1987 primos
893 1955 1011 1984 annos,
1025 1956 1065 1977 ex
1078 1956 1142 1986 quo

438 1994 500 2021 rste
515 1989 634 2022 Rhodo
655 1998 813 2021 reversus.
859 1989 1008 2020 Historia
1023 1998 1143 2030 appro-

436 2032 507 2064 bat.
531 2032 623 2064 Lu‘s.
643 2032 739 2063 Vere.
757 2031 853 2065 Conf.
868 2031 981 2072 Intpp.
999 2031 1040 2062 ad
1056 2030 1146 2063 hunc

436 2075 590 2106 Suetonii
612 2075 723 2106 locum
745 2079 780 2106 et
800 2074 842 2106 ad
857 2074 952 2106 illum
970 2074 1072 2112 Flori,
1087 2073 1143 2105 ubi

438 2127 530 2148 nune
543 2117 666 2158 legitur
679 2117 794 2157 Syria.

481 2160 641 2191 Novercoe
666 2159 785 2200 Livioe]
832 2159 923 2190 Nata
958 2159 1060 2190 exitio
1098 2159 1144 2190 rei

461 2202 530 2235 ubl.
554 2202 626 2233 haec
641 2203 774 2240 mulier,
787 2205 822 2233 et
837 2210 906 2232 suae
920 2201 1050 2233 domus.
1080 2201 1145 2233 Sed

436 2213 521 2276 gene
533 2244 620 2285 quod
633 2244 771 2276 Tacitus
784 2253 944 2284 nusquam
958 2243 1145 2275 dissimulat

436 2287 585 2319 fraudem
608 2290 681 2328 ejiis
703 2292 738 2319 et
759 2286 876 2318 scelus.
921 2286 1048 2317 Plinius
1073 2285 1096 2317 l.
1121 2286 1145 2318 1.

435 2330 575 2366 cautior.
586 2331 641 2370 qui
655 2330 876 2372 suspicionem
890 2327 976 2359 banc
990 2333 1145 2367 tangens,

435 2373 524 2404 cavit
537 2373 599 2404 sibi
613 2373 816 2404 obscuritate
829 2371 1010 2402 sermonis:
1042 2371 1144 2402 Incu-

435 2419 516 2446 satae
532 2415 690 2457 filiorum
718 2419 850 2452 mortes,
878 2415 1048 2454 luctusque
1075 2424 1143 2444 nem

435 2461 571 2489 tantum
586 2459 725 2490 orbitate
740 2458 858 2489 tristes.
883 2456 955 2487 Nec
970 2456 1059 2488 enim
1075 2456 1141 2487 alio

435 2501 575 2532 traxeris
596 2511 637 2532 ea
650 2500 760 2540 verba,
775 2509 857 2539 non,
875 2508 928 2530 me
943 2498 1074 2539 quidem
1090 2500 1142 2530 in·

435 2546 593 2583 tet-prete.
619 2543 713 2574 Lips.

478 2584 593 2617 Druso
596 2586 728 2625 pridem
740 2584 896 2624 extincto]
920 2583 1050 2625 Nempe
1060 2589 1139 2614 ante

434 2637 540 2659 annos
567 2628 699 2659 circiter
725 2630 787 2665 12„
822 2627 1010 2667 priusquam
1041 2626 1139 2657 Caius

434 2673 632 2701 moreretur.
675 2670 806 2711 Quippe
832 2671 959 2701 Drusus
988 2669 1071 2699 obiit
1099 2679 1139 2699 ex

433 2713 530 2754 lapsu
551 2712 642 2752 equi,
665 2713 700 2743 in
723 2713 915 2748 Germania,
937 2721 1027 2742 anno
1051 2711 1141 2742 urbis

433 2757 509 2790 745.
530 2765 570 2787 ex
585 2755 695 2787 Dione
711 2757 762 2786 55.
786 2755 861 2785 init.
885 2759 920 2784 et
935 2753 1034 2784 Caius
1051 2761 1141 2784 anno

432 2798 508 2833 756.
541 2797 749 2838 imposuerat
773 2797 853 2828 mihi
877 2795 967 2826 Dion
987 2795 1082 2833 olim,
1105 2795 1142 2826 in

433 2841 527 2880 cujus
539 2839 624 2872 libro
646 2840 758 2871 hiatus
773 2844 838 2877 est,
853 2843 888 2870 et
910 2838 990 2869 anni
1011 2837 1141 2877 aliquot

434 2882 544 2914 omissi
556 2885 567 2913 ἐ
591 2887 692 2922 atque
713 2882 762 2913 ita
778 2885 933 2913 narratur
949 2889 1038 2913 mors
1053 2879 1139 2918 Caii,

432 2925 526 2967 quasi
538 2924 673 2965 biennio
694 2930 771 2967 post
793 2924 886 2957 illam
902 2922 1017 2958 Drusi.
1062 2920 1140 2964 Sed,

1185 709 1264 739 anni
1277 708 1386 750 plures
1400 709 1496 740 medii
1513 708 1651 741 desunt:
1670 708 1764 749 quod
1777 709 1811 747 in
1823 708 1894 741 No-

1186 751 1230 782 tis
1246 752 1286 782 ad
1300 751 1464 783 Velleium
1479 752 1706 783 observamus.
1741 750 1840 784 Life.

1232 795 1366 835 Collega
1386 794 1530 835 imperii]
1577 794 1630 826 De
1657 794 1720 825 hoc
1740 793 1896 836 Collegi«)

1188 837 1317 878 imperii
1330 839 1466 878 ejusque
1489 837 1585 869 initio
1600 842 1665 868 etc.
1689 837 1756 868 late
1769 841 1805 869 et
1818 843 1895 871 eru·

1189 880 1257 910 dite
1279 879 1427 922 disputat
1444 879 1564 920 pagius
1578 880 1612 911 in
1630 879 1745 911 Critic.
1768 879 1895 913 Barou-
1911 887 1913 891 ⁴

1189 921 1230 952 ad
1253 933 1282 954 a.
1305 924 1343 955 C.
1368 925 1420 953 ΙΙ.
1465 922 1527 954 Sed
1551 922 1736 962 Collegium
1763 922 1895 964 imperii

1189 964 1244 996 ille
1257 965 1373 996 definit
1387 965 1567 996 tribunicia
1579 970 1756 1006 potestate,
1767 969 1802 996 et
1814 965 1911 997 Pro-'

1189 1007 1353 1039 consulari
1376 1008 1522 1049 imperio.
1568 1008 1606 1038 111
1622 1017 1679 1049 per
1697 1017 1732 1038 se
1748 1017 1817 1040 non
1832 1007 1895 1041 im-

1189 1050 1338 1090 probem.
1383 1050 1445 1081 Sed
1461 1050 1494 1081 h.
1519 1050 1543 1082 l.
1567 1050 1622 1082 ubi
1645 1060 1664 1081 a
1683 1049 1815 1091 Collega
1829 1051 1894 1082 im-

1951 1071 1956 1079 a
1952 1040 1956 1042 .
1945 988 1956 1021 ..a-
1950 963 1956 978 d
1948 889 1956 949 m-
1942 528 1956 875 1,-a;'a·:m-.,=-..—⁴2.„.<1o4m-s
1943 503 1947 507 ⁴

1182 1093 1271 1132 perii
1285 1093 1502 1133 distinguitur
1515 1093 1635 1124 diserte
1651 1101 1779 1125 consors
1788 1093 1898 1127 tn'lm-
1948 1100 1956 1120 r÷

1187 1136 1281 1167 nicioe
1301 1136 1480 1176 potestatis,
1507 1135 1668 1175 collegam
1691 1136 1821 1177 imperii
1846 1135 1911 1168 fit-¹
1945 1134 1948 1138 ’

1187 1182 1279 1210 ctum
1287 1178 1458 1210 Tiberium
1470 1184 1584 1218 putem
1595 1178 1673 1209 dato
1680 1178 1901 1219 Imperatoris
1953 1208 1956 1209 γ

1187 1223 1404 1261 praenomine.
1451 1220 1548 1252 Clare
1564 1221 1597 1251 in
1612 1221 1682 1262 pari
1698 1229 1812 1254 caussa
1829 1221 1908 1253 Pli-'

1187 1264 1261 1296 nius
1284 1264 1324 1295 de
1345 1263 1493 1302 'ri-ajano
1515 1264 1550 1294 in
1567 1263 1689 1304 Paneg.
1713 1266 1745 1295 8.
1782 1263 1898 1296 Simul

1175 1307 1288 1347 filius,
1309 1307 1410 1338 simul
1430 1306 1549 1344 Coesar,
1566 1315 1642 1337 νοω-τ
1655 1307 1843 1347 Imperator
1862 1310 1911 1339 er

1187 1359 1314 1381 consors
1329 1349 1512 1380 tribuniciae
1527 1352 1598 1390 pot.
1639 1349 1729 1380 Nam
1745 1349 1832 1390 quod
1847 1350 1894 1381 ibi

1189 1391 1274 1423 idem
1305 1392 1425 1431 Pagius
1453 1390 1690 1423 Proconsulare
1717 1392 1895 1433 imperium
1952 1409 1953 1412 κ

1191 1434 1333 1475 intelligi
1346 1434 1508 1474 disputat,
1523 1433 1565 1465 ad
1579 1443 1609 1465 a.
1624 1434 1663 1466 C.
1680 1438 1734 1469 97.
1750 1437 1804 1470 98.
1821 1437 1895 1470 117.

1193 1486 1226 1508 n.
1253 1487 1305 1508 xv.
1337 1476 1430 1508 nullo
1459 1475 1558 1507 modo
1582 1476 1722 1517 probare
1747 1481 1907 1519 possum.·

1192 1520 1279 1550 Nam
1297 1519 1472 1560 imperium
1484 1524 1579 1550 extra
1590 1519 1720 1558 urbem,
1736 1528 1796 1550 cur
1809 1529 1894 1561 prae-

1193 1563 1336 1593 ferretur
1353 1562 1478 1592 urbano
1492 1562 1504 1592 ἓ
1535 1561 1772 1594 Proconsulare
1787 1562 1894 1604 impe·
1920 1595 1926 1601 ,

1188 1606 1274 1636 rium
1293 1608 1441 1636 sumtum
1456 1613 1495 1634 ac
1518 1603 1634 1635 datum
1656 1609 1792 1636 tantum
1815 1612 1894 1637 cum

1188 1648 1222 1678 in
1239 1647 1420 1688 provincias
1437 1646 1539 1678 irent:
1562 1645 1617 1677 hic
1629 1651 1827 1688 perpetuum
1843 1647 1896 1679 in.

1187 1689 1365 1730 telligitur.
1407 1689 1479 1721 Nec
1491 1689 1550 1720 illa
1564 1689 1650 1720 ratio
1663 1690 1783 1729 gravis,
1792 1689 1895 1730 quod,

1190 1733 1253 1764 nisi
1269 1732 1487 1775 Imperatoris
1499 1732 1634 1764 nomine
1643 1732 1798 1764 Procous.
1809 1733 1894 1775 imp.

1188 1774 1444 1816 intelligeretur,
1461 1775 1532 1815 ejus
1551 1775 1587 1805 in
1601 1778 1676 1805 toto
1691 1775 1897 1817 Panegyrico

1188 1817 1281 1849 nulla
1289 1818 1416 1849 mentio
1430 1823 1528 1849 esset.
1547 1817 1631 1848 Vide
1643 1818 1730 1858 inpr.
1740 1822 1893 1851 nostrum

1188 1871 1218 1892 c.
1231 1864 1262 1895 7.
1290 1860 1364 1892 Hoc
1379 1859 1511 1900 quidem
1525 1860 1560 1891 in
1575 1859 1648 1890 loco
1664 1859 1796 1891 videtur
1807 1860 1895 1892 indi-

1188 1904 1256 1934 cari
1272 1903 1377 1934 verbis
1396 1902 1625 1942 sequentibus:
1649 1903 1815 1944 omnisque
1831 1913 1898 1944 per

1184 1947 1346 1977 exercitus
1369 1949 1563 1976 ostentatur.
1605 1945 1763 1976 Ceterum
1786 1946 1894 1978 verbis
1953 1975 1956 1979 .

1186 1997 1313 2019 consors
1327 1988 1403 2020 trib.
1413 1992 1484 2029 pot.
1518 1987 1656 2019 Tacitus
1670 1987 1788 2019 addere
1800 1992 1896 2029 pote-
1952 2020 1956 2021 ⁷

1187 2035 1240 2063 rat
1254 2032 1389 2063 iterum.
1433 2030 1522 2061 Nam
1539 2037 1618 2062 ante
1626 2030 1699 2070 jam
1711 2029 1895 2064 tribunicia
1952 2042 1956 2045 ·

1187 2077 1353 2115 potestate
1363 2081 1441 2104 usus
1454 2073 1575 2111 fuerat,
1589 2073 1671 2103 vivis
1683 2072 1895 2106 Caioet'Du-
1951 2095 1953 2105 .

1187 2116 1239 2148 cio
1255 2117 1449 2148 Caesaribus.
1486 2115 1573 2147 Eas.
1618 2115 1706 2147 Satis
1725 2118 1800 2147 erat
1820 2114 1908 2149 lauf

1187 2159 1264 2190 dare
1279 2158 1398 2190 Velleii
1422 2162 1454 2196 2,
1473 2161 1543 2189 121.
1568 2162 1603 2190 et
1624 2158 1720 2190 Suet.
1738 2157 1814 2191 Tib.
1837 2159 1892 2191 21.
1948 2158 1956 2181 “-

1187 2202 1318 2242 Quippe
1342 2202 1385 2232 ibi
1409 2208 1557 2239 narrata,
1572 2210 1658 2242 quae,
1678 2200 1705 2231 si
1725 2200 1893 2234 venetum
1946 2212 1956 2220 '¹

1185 2244 1350 2282 audimus,
1365 2244 1405 2275 ad
1415 2254 1444 2275 a.
1458 2244 1500 2275 U.
1511 2245 1586 2277 765.
1606 2243 1790 2286 pertinent,
1803 2243 1895 2276 hanc

1192 2287 1328 2327 Collega:
1348 2286 1608 2328 appellationem
1634 2285 1691 2317 vel·
1710 2294 1802 2317 certe
1824 2287 1892 2318 vim

1187 2331 1258 2371 ejus
1272 2330 1458 2369 designant.
1502 2329 1592 2360 Nam
1604 2337 1727 2360 nomen
1739 2327 1804 2359 hoe
1823 2328 1908 2361 sor--

1185 2377 1272 2403 tasse
1286 2372 1344 2403 illo
1357 2377 1509 2413 tempore
1524 2380 1591 2402 non
1607 2370 1672 2402 fuit
1689 2372 1724 2402 in
1746 2379 1808 2402 usu
1831 2375 1908 2411 pus·
1938 2387 1943 2402 2

1185 2414 1284 2446 blico.
1312 2414 1425 2455 (Conf.
1445 2414 1514 2445 Dio
1534 2414 1588 2451 56,
1607 2416 1661 2446 28.
1683 2413 1725 2445 ad
1745 2423 1776 2446 a.
1794 2412 1888 2454 766.)
1944 2414 1946 2418 '

1185 2458 1387 2498 Perpetuum
1403 2457 1579 2498 imperium
1599 2455 1834 2498 proconsulare
1847 2464 1892 2488 an

1185 2509 1330 2540 unquam
1341 2499 1477 2531 Tiberio
1490 2499 1604 2530 datum
1617 2500 1676 2536 sit,
1689 2497 1806 2530 dubito
1817 2508 1828 2536 3
1851 2507 1893 2531 en

1182 2542 1315 2583 quidem
1337 2543 1381 2579 vi,
1397 2552 1462 2582 qua
1484 2542 1516 2572 id
1538 2542 1682 2583 primum
1707 2541 1892 2580 Augustus,

1184 2595 1260 2616 mox
1277 2585 1493 2616 Germanicus
1505 2584 1643 2624 accepit.
1663 2582 1739 2615 vid.
1754 2583 1820 2615 Dio
1835 2585 1894 2622 53,

1182 2629 1235 2659 32.
1279 2628 1313 2658 Si
1329 2626 1443 2658 datum
1458 2634 1544 2658 esset
1558 2627 1624 2657 iata
1634 2625 1709 2666 lege
1719 2635 1780 2666 per
1795 2627 1890 2658 coss.
1943 2634 1947 2635 ⁷

1182 2670 1263 2707 lata,
1283 2670 1541 2711 appellationem
1563 2669 1649 2700 hane
1669 2668 1781 2700 etiam¹
1799 2668 1895 2707 adju-
1943 2703 1946 2705 ,

1182 2713 1279 2743 cisset
1301 2712 1418 2752 aliquis
1441 2721 1556 2743 eorum
1578 2710 1893 2751 scriptunumuuoe
1949 2722 1953 2728 *

1182 2764 1283 2796 supra
1305 2754 1485 2786 nominavi.
1530 2753 1647 2793 ltaque
1669 2753 1776 2784 virum
1799 2758 1893 2784 sum·

1183 2807 1276 2828 mum
1316 2797 1357 2828 ad
1385 2797 1479 2828 Suet.
1504 2795 1527 2827 l.
1552 2806 1592 2828 c..
1619 2804 1729 2827 errare
1757 2795 1892 2836 opinor.
1946 2797 1956 2825 f

1183 2839 1272 2880 Quid
1286 2843 1398 2870 autem
1423 2839 1477 2870 bic
1492 2839 1594 2876 dicat,
1611 2847 1678 2869 non
1700 2838 1782 2869 satis
1801 2847 1893 2869 asse-
1937 2848 1939 2852 ⁴

1181 2891 1277 2922 quor.
1313 2882 1530 2922 Imperatoris
1545 2881 1634 2912 enim
1649 2889 1784 2915 nomen.
1799 2879 1906 2919 quod.

1182 2923 1295 2966 paullo
1322 2928 1401 2957 ante
1427 2923 1674 2958 memorabatur
1692 2921 1828 2956 'ribei-io
1850 2931 1893 2968 aa}
1942 2951 1947 2957 ,
