1956 3250
0 0 678 48 W-w--Www-r's
708 0 730 2 ’-

4 43 29 53 ,7,
46 47 48 49 ,

587 170 819 211 TACIT'I
854 170 1027 210 VITA.
1428 172 1525 212 lxvii

5 313 11 316 -
71 286 180 332 locis
202 284 319 329 facta
335 283 407 336 sit,
426 283 469 341 in
493 290 690 341 tempore
711 282 982 326 memorabo.
1047 280 1346 325 Nominantur
1366 292 1410 326 et
1432 285 1531 342 ejus

75 355 350 411 Raetiarum
381 352 479 395 libri
511 367 539 396 a
569 352 820 411 Fulgentio‚
850 367 950 395 cum
994 350 1081 394 hoc
1122 351 1389 409 fragmento,
1428 355 1530 397 Caesi

69 412 207 484 §laque
226 438 382 466 morum
402 421 553 481 eclogia
571 423 616 465 in
618 421 729 479 filiis
750 421 906 471 relicto.
938 420 1102 465 Mortis
1120 421 1215 478 ejus
1239 431 1413 481 tempus
1435 438 1525 467 non

34 498 38 502 ’
69 494 295 553 exprimo:
346 492 534 535 natalem
586 501 732 535 tamen
784 506 946 534 annum
979 492 1313 550 propemodum
1360 492 1525 538 inveni.

68 563 294 623 Odoratus
332 577 427 605 sum
458 577 513 604 ex
549 561 680 604 Plinii
713 561 1135 619 Nepotisepistola,
1156 577 1255 619 quae
1286 561 1399 605 libro
1431 576 1522 606 vu.

70 632 187 677 Nam
218 632 281 675 ait
310 631 483 683 diserte,
515 631 834 689 propemodum
873 639 1005 674 aetate
1034 631 1246 688 aequalem
1278 646 1323 675 se
1352 631 1524 684 Tacito.

70 701 134 746 At
158 701 326 745 Plinius
349 700 550 745 incendio
571 700 780 743 Vesuvini
805 700 981 754 montis,
1002 715 1091 758 quo
1112 701 1352 744 avunculus
1379 702 1526 761 periit,

0 799 2 853 ι
74 772 250 831 agebat,
281 779 330 813 ut
359 771 451 828 ipse
481 770 556 821 ait,
587 769 979 812 duoetvicesimum
1011 785 1189 813 annum.
1252 771 1393 814 Natus
1422 787 1530 831 ergo

0 884 1 891 ,
77 841 244 884 Plinius
265 844 384 895 (nam
404 839 651 882 incendium
676 838 779 882 illud
799 839 991 882 secundo
1013 854 1129 882 anno
1149 839 1260 892 Titi)
1283 855 1371 891 non
1392 841 1526 885 dubie

0 893 3 968 l
75 925 190 954 anno
212 909 328 952 urbis
350 908 540 951 conditae
564 922 799 951 Deccxvl.
824 908 1040 952 Memmio
1062 909 1234 968 Regulo
1251 920 1295 952 et
1313 911 1526 969 Verginio

75 974 198 1023 Rufo
223 992 356 1022 coss.
417 978 479 1020 At
509 976 690 1020 Tacitus
723 978 868 1036 paullo
897 978 1038 1036 major
1068 989 1190 1031 natu,
1222 980 1339 1037 quod
1372 981 1522 1024 eadem

74 1047 342 1106 illaepistola
360 1056 565 1090 testatum
590 1047 763 1104 reliquit
789 1047 973 1090 Plinius,
1034 1047 1153 1106 Ergo
1177 1059 1303 1091 natus
1325 1060 1524 1094 extremo

74 1118 258 1176 imperio
291 1116 479 1169 Claudii,
499 1117 564 1159 vel
596 1117 756 1174 potiuS‚
779 1118 906 1160 initio
941 1117 1156 1162 Neronis:
1189 1118 1406 1176 vixitque,
1427 1121 1524 1178 opi-

72 1201 168 1241 nor,
186 1187 251 1230 vel
272 1188 325 1230 ad
347 1187 575 1244 imperium
599 1186 827 1229 Hadriani.
874 1187 1120 1230 Historiam
1142 1189 1318 1245 quidem
1342 1204 1524 1234 exorsus

71 1265 138 1300 est
159 1257 345 1299 scribere
364 1265 463 1313 post
483 1265 667 1297 mortem
690 1254 864 1298 Nervae.
882 1256 1061 1310 clarum,
1075 1258 1280 1314 quoniam
1303 1259 1522 1318 principio

0 1383 1 1386 Ἴ
69 1339 108 1382 ἃ,1.
131 1324 301 1367 Hister.
321 1333 447 1366 vocat
484 1322 647 1366 Divum
689 1323 895 1367 Nervam.
918 1325 992 1381 qui
1026 1325 1168 1368 honos
1199 1341 1287 1373 non
1321 1327 1521 1381 habetur,

75 1395 157 1438 nisi
178 1394 371 1452 Principi
394 1402 586 1437 mortuo.
