1924 3236
615 157 685 198 LI
698 156 746 198 B.
772 156 841 198 VI.
867 158 943 198 CA
955 157 999 198 P.
1028 162 1089 198 15.
1463 163 1543 205 34⁴7

46 307 54 317 ,
104 257 282 304 Fretum
302 257 464 303 Siciliae
492 265 795 316 retractusque
819 272 896 316 per
918 257 1247 310 Centurionem,
1269 257 1409 301 nullas
1439 274 1541 317 pro*
1552 279 1593 311 A.
1606 281 1652 314 15.

24 364 27 367 Δ
48 329 53 334 ”
108 316 275 370 habiles
289 331 463 360 caussas
478 314 733 375 longinquae
753 315 1114 374 peregrinationis
1130 314 1368 359 adferebat.
1381 318 1541 360 mansit
1565 325 1642 357 785.

23 374 25 376 ’
103 383 248 418 tamen
272 373 516 427 incolumis,
536 374 758 416 oblivione
776 375 932 431 magis,
951 388 1082 431 quam
1098 372 1344 417 clementia.
1551 359 1655 439 ⁸390·

161 431 312 474 Servio
333 431 492 484 Galba,
518 431 569 474 L.
591 431 711 474 Sulla
734 445 872 475 coss.
889 432 964 474 diu
984 431 1187 488 quaesito,
1203 445 1313 488 quos
1334 430 1539 486 neptibus
1560 430 1631 493 15⁶

32 534 34 541 ,
102 489 190 531 suis
209 489 388 531 maritos
408 489 644 531 destinaret
666 488 829 541 Caesar,
850 498 1080 546 postquam
1103 489 1294 531 instabat
1323 487 1544 544 virginum

30 551 33 558 ‘
100 555 222 599 aetas,
247 546 295 589 L.
320 546 535 599 Cassium,
555 546 623 588 M.
646 546 869 589 Vinicium
895 547 1017 604 legit.
1077 546 1254 589 Vinicio
1275 545 1546 602 oppidanum

135 617 265 647 enus:
299 603 478 647 Calibus
500 614 634 657 ortuS‚
656 614 778 661 patre
799 614 930 660 atque
946 619 1029 646 avo
1053 602 1382 655 Consularibus,
1402 610 1548 645 cetera

103 617 306 718 {questri
332 661 498 703 familia
516 671 635 704 erat:
669 661 788 703 mitis
818 662 995 719 ingenio
1017 670 1064 703 et
1090 670 1283 718 comptae
1311 659 1546 702 facundiae.

103 717 281 760 Cassius
302 718 445 776 plebei
480 719 635 761 Romae
659 719 846 775 generis,
870 733 1016 761 verum
1046 719 1214 775 antiqui
1243 718 1547 774 honoratique,

37 806 39 811 -
99 786 145 818 et
159 789 308 818 severa
337 776 473 834 patris
494 775 726 833 disciplina
754 776 951 830 eductus,
970 776 1181 819 facilitate
1211 776 1386 833 saepiuS,
1413 789 1546 832 quam

28 902 34 924 ¹.
97 884 210 916 lectio.
220 885 369 917 Mei-cero
383 884 548 925 placebat,
559 894 636 916 sane
646 885 685 916 is.
705 884 799 916 Ln’s.

98 926 145 959 Et
159 927 232 959 aliis
247 927 406 968 pluribus.
422 931 511 958 recte
523 931 692 968 receptum
707 933 760 959 est
779 938 802 960 a

100 969 178 1001 viris
191 970 296 1002 doctis
310 969 344 1000 in
355 974 500 1001 textum.
537 969 624 1001 Ean.

141 1011 218 1044 Ser.
237 1011 358 1048 Galba,
372 1011 414 1043 L.
425 1011 536 1052 Sulla]
552 1011 690 1043 Duobus
700 1009 801 1043 simul

99 1054 359 1094 prenominibus
386 1063 481 1086 usum
505 1065 703 1095 quemquam
733 1054 800 1095 pri·

25 1091 34 1123 ἶ-
99 1101 214 1128 vatum
228 1097 348 1128 Romae
360 1097 564 1138 temporibus
578 1097 662 1135 istis,
678 1097 799 1128 nedum

100 1143 250 1179 gentem,
274 1143 391 1181 putare
415 1146 466 1170 est
494 1139 740 1181 βικιεηληνίζω
765 1144 802 1170 et

100 1184 231 1212 nostros
251 1189 358 1213 mores
375 1182 509 1213 miscere
524 1183 680 1222 antiquis.
724 1181 804 1213 Gal-

102 1222 180 1254 bam
194 1229 306 1255 autem
322 1232 390 1255 non
405 1224 503 1255 simul
519 1224 660 1256 Lucium
673 1229 708 1255 et
729 1225 805 1257 Ser-

101 1265 193 1296 vium
211 1272 376 1302 vocatum,
386 1265 441 1296 sed
454 1271 581 1299 mutato
592 1268 804 1308 prenomine,

101 1315 178 1338 eum
201 1307 333 1340 Servius
354 1319 373 1339 a
395 1314 489 1349 patre
507 1309 694 1351 appellatus
707 1315 806 1348 esset,

30 1351 35 1363 ¹
101 1347 298 1391 adoptatum
321 1361 342 1382 a
363 1360 503 1383 noverca
519 1362 582 1394 pro
605 1351 718 1384 Servio
735 1350 806 1383 Lu-

104 1391 195 1422 cium
214 1402 315 1433 usque
337 1393 385 1424 ad
410 1397 536 1435 tempus
563 1394 708 1435 imperii,
729 1394 805 1427 dein

103 1443 216 1465 rursus
225 1435 345 1466 omisso
358 1435 461 1467 Lucio
474 1435 621 1468 Servium
631 1446 807 1476 usurpasse

127 1485 308 1515 raenomen,
337 1479 431 1508 testis
459 1479 649 1511 Suetonius,
687 1478 800 1511 Gnou.

141 1527 188 1550 ωε
201 1519 354 1560 opposita
374 1525 455 1552 sunt
477 1521 514 1553 F.
532 1521 667 1559 Ursino,
683 1522 738 1560 qui
761 1522 803 1553 ad

102 1559 136 1592 1'2.
153 1559 175 1591 1.
191 1561 388 1602 produxerat
413 1563 567 1595 eburneae
594 1568 725 1595 tesserae
753 1563 803 1594 in·

24 1610 46 1643 ᾗ
103 1603 317 1644 scriptionem
333 1603 378 1636 L.
392 1604 487 1646 Suq).
500 1605 545 1638 L.
562 1605 672 1644 Sulla,
686 1605 727 1637 de
740 1617 805 1647 qua

21 1647 41 1681 ἕξ
106 1655 139 1677 ν.
153 1645 255 1676 etiam
273 1645 362 1677 dicta
382 1647 425 1678 ad
446 1648 539 1679 Suet.
556 1649 652 1680 Galb.
667 1649 700 1679 4.
712 1658 804 1680 eam·

105 1697 170 1727 que
191 1697 267 1718 cum
286 1687 407 1721 Tacito
431 1691 478 1721 sic
499 1690 745 1729 conciliaverat,
766 1695 807 1722 ut

107 1728 287 1770 Sulpiciam
301 1738 435 1770 gentem
450 1732 577 1764 duobus
598 1732 698 1765 simul
721 1741 806 1774 prae-

107 1771 296 1803 nominibus
324 1782 416 1804 usam
438 1774 583 1807 diceret:
612 1775 699 1815 quod
727 1784 806 1807 sane

107 1813 236 1854 probari
265 1824 332 1846 non
360 1820 481 1856 potest.
533 1817 703 1855 Ceterum,
728 1828 806 1850 cum

26 1866 38 1900 ⁵.
104 1854 211 1888 Galba
226 1857 427 1896 pra-nomine
442 1857 542 1891 Lucii
555 1869 658 1899 usque
678 1859 720 1891 ad
742 1860 807 1891 im-

107 1897 234 1939 perium
257 1908 335 1931 usus
355 1900 413 1938 sit,
427 1901 554 1933 clarum
576 1906 640 1940 est,
654 1903 689 1933 in
713 1902 806 1934 fastis

107 1939 344 1973 Consularibus
372 1943 534 1984 scriptum
561 1953 632 1976 esse
650 1940 807 1979 debuisse

106 1982 151 2014 L.
173 1982 292 2021 Galba,
309 1990 348 2016 ut
370 1984 404 2015 in
427 1991 561 2018 tessera.
597 1986 720 2018 Utrum
743 1986 807 2018 hoc

104 2024 135 2057 T
136 2026 242 2057 acitus
258 2026 416 2066 posuerit,
430 2032 466 2059 et
487 2027 610 2060 librarii
627 2028 807 2067 mutarint,

27 2091 45 2103 .
102 2076 146 2098 an
159 2067 297 2100 Tacitus
318 2078 395 2100 usus
415 2069 458 2100 sit
473 2069 553 2102 data
566 2080 665 2111 opera
680 2080 806 2112 preno-

107 2110 210 2150 mine,
224 2119 290 2151 quo
311 2116 383 2142 tum
407 2111 506 2152 vulgo
527 2112 751 2154 appellaretur
772 2114 807 2144 in

107 2151 213 2191 libris,
226 2162 293 2184 non
315 2163 375 2194 pro
393 2159 484 2185 certo
498 2153 617 2187 dicum.
661 2155 724 2186 Sed
747 2165 806 2196 po·

28 2196 49 2247 ζ’
108 2194 228 2226 sterius
254 2195 335 2227 mihi
358 2196 495 2237 propius
524 2207 637 2229 verum
660 2197 804 2231 videtur.

108 2235 199 2268 ERN.
243 2237 296 2270 Cf.
311 2237 438 2270 Murat.
452 2245 479 2270 t.
499 2243 525 2271 Ι.
540 2250 574 2281 p.
589 2242 662 2271 303.

149 2278 192 2311 L.
212 2278 376 2321 Cassium]
402 2280 456 2312 Ita
478 2287 580 2319 recte,
602 2287 715 2322 estque
737 2282 807 2322 ille,

128 2321 161 2351 ui
184 2321 309 2353 Consul
331 2332 407 2354 cum
431 2323 480 2354 M.
494 2324 624 2356 Vinicio
643 2325 808 2365 Quartino

121 2363 172 2395 uit
184 2374 215 2394 a.
229 2373 263 2397 u.
281 2366 357 2398 783.
392 2365 479 2397 Nam
495 2366 672 2398 Suetonius
688 2366 807 2399 diserte

28 2389 48 2447 ³-ss
107 2410 215 2442 notat,
231 2405 413 2439 Drusillam
429 2406 624 2440 collocatam
640 2409 678 2440 L.
693 2410 806 2441 Cassio

107 2444 262 2487 Longino
297 2448 485 2490 Consulari.
535 2451 736 2493 Pomponius
767 2452 807 2484 de

106 2487 242 2530 Origine
266 2490 349 2528 juris
374 2502 511 2523 manum
533 2493 614 2524 adiit
639 2494 714 2524 viris
739 2503 807 2526 ma-

109 2532 196 2572 gnis,
226 2533 381 2574 (Onufrio
409 2535 443 2565 in
469 2535 561 2565 fastis
584 2541 618 2567 et
644 2535 724 2567 Ant.
741 2538 807 2567 Au-

110 2573 244 2618 gustino
265 2574 306 2606 de
333 2576 410 2607 fam.
432 2576 542 2617 Rom.)
567 2578 623 2617 qui
652 2578 808 2611 scribenti

21 2622 48 2659 ἃς,
107 2615 258 2664 credunt,
274 2618 312 2650 C.
325 2619 473 2650 Cassium
492 2618 680 2659 Longinum
698 2619 808 2659 illum,

35 2671 51 2694 χ
107 2666 163 2697 qur
189 2658 466 2699 Jurisconsuuus‚
502 2661 679 2693 Corisulem
707 2662 808 2694 fuisse

28 2703 52 2744 χχ
106 2708 183 2730 eum
197 2699 362 2741 Quartino
372 2703 497 2735 Tiberii
514 2703 728 2744 temporibus.
749 2704 808 2736 At-

32 2742 51 2772 ⁶3
106 2750 172 2782 que
200 2750 349 2782 censent,
379 2746 468 2777 hunc
504 2747 611 2787 ipsum
643 2755 724 2784 esse,
752 2747 807 2788 qui

39 2794 50 2822 ‚f
109 2792 272 2825 progener
294 2785 414 2819 Caesari
445 2798 534 2819 nunc
559 2788 678 2821 sactus.
726 2789 810 2821 Mihi

35 2826 51 2845 ’ἵ
106 2826 221 2864 enutio
235 2831 299 2864 est,
315 2838 356 2861 ne
378 2834 503 2862 temere
519 2830 649 2863 credam
667 2832 809 2870 homini,

105 2867 209 2908 etiam
236 2869 317 2902 alins
344 2870 464 2904 fallaci.
512 2872 621 2905 Erras.
664 2873 744 2906 Non
759 2882 810 2906 est

46 2919 49 2931 ’ν
106 2908 173 2949 bic.
188 2909 363 2955 Pomponi,
371 2915 457 2956 juris
478 2915 617 2948 antistes
631 2915 698 2954 ine,
713 2926 812 2959 quem

841 893 966 922 censes.
1006 884 1169 925 Primum,
1190 886 1267 926 quia
1287 885 1424 918 Tacitus
1453 887 1543 919 inter
1587 899 1589 901 ¹

841 927 950 968 elogia
977 937 1107 959 morum
1135 929 1336 968 generisque,
1357 928 1488 961 laudern
1510 930 1542 961 ei

842 970 970 1002 nullam
983 971 1102 1003 tribuit
1111 971 1196 1010 juris
1208 982 1216 1001 ε
1230 970 1358 1008 deinde,
1369 972 1446 1011 quia
1457 981 1543 1014 prae·

843 1012 1034 1044 nominibus
1063 1013 1193 1045 diversi.
1237 1012 1360 1045 Lucius
1387 1014 1440 1045 hic
1466 1020 1541 1053 est3

842 1055 942 1087 Caius
979 1055 1036 1086 ille
1065 1060 1157 1094 tuus,
1185 1055 1354 1087 constanti
1391 1062 1542 1088 veterum

841 1098 977 1138 scripto.
1021 1098 1233 1130 Cassiodorus
1245 1108 1320 1130 ecce
1337 1098 1376 1130 L.
1391 1099 1543 1130 Cassium

842 1143 878 1171 et
899 1140 948 1171 M.
963 1139 1130 1172 Vinicium
1152 1141 1244 1172 Coss.
1266 1140 1439 1172 nominat:
1463 1141 1546 1174 Sue.

845 1184 958 1214 tonius
986 1183 1021 1213 in
1047 1183 1128 1215 Caio
1150 1185 1203 1217 57.
1225 1181 1369 1213 Lucium
1396 1182 1546 1216 Cassium

846 1224 1061 1264 Longinum:
1081 1229 1116 1257 et
1138 1224 1275 1256 Tacitus
1300 1226 1335 1256 in
1363 1224 1428 1257 hoc
1456 1226 1544 1260 loco.

845 1265 974 1298 Diversi
998 1268 1068 1299 vita
1087 1267 1203 1306 etiam,
1218 1272 1252 1298 et
1278 1271 1396 1300 morte.
1438 1267 1545 1300 suris·

847 1309 1019 1341 consultus
1040 1309 1097 1341 ille
1120 1310 1154 1341 in
1177 1309 1301 1341 honore
1321 1311 1383 1341 sub
1404 1310 1546 1344 Claudio

847 1351 926 1389 fuit,
950 1352 1076 1393 Syriam
1106 1352 1362 1390 administravit,
1385 1352 1496 1394 pulsus
1525 1365 1546 1387 a

848 1391 994 1431 Nerone,
1022 1404 1081 1435 per
1105 1394 1342 1436 Vespasianum
1374 1394 1483 1434 rediit,
1509 1402 1545 1428 et

847 1446 946 1468 omne
983 1435 1065 1468 illud
1093 1442 1226 1478 tempus
1256 1437 1359 1468 vixit:
1394 1437 1456 1468 iste
1483 1439 1545 1470 sub

845 1478 925 1511 Caio
949 1478 1129 1510 Proconsul
1151 1479 1251 1516 Asiae,
1265 1486 1312 1517 et,
1334 1481 1545 1513 monentibus

843 1521 986 1552 sortibus
1011 1527 1142 1554 caveret
1165 1522 1327 1559 Cassium,
1355 1532 1375 1553 a
1399 1527 1545 1562 tyranno

844 1573 947 1595 caesus
968 1568 1031 1595 est.
1075 1565 1215 1596 Sueton.
1240 1564 1265 1597 l.
1288 1575 1317 1596 c.
1341 1569 1375 1595 et
1402 1565 1469 1596 Dio
1491 1568 1543 1601 59.

846 1607 899 1642 99.
928 1606 984 1647 qui
1017 1609 1130 1638 tamen
1167 1606 1254 1639 male
1281 1607 1399 1639 Caium
1435 1615 1544 1640 vocat.

846 1648 1012 1688 Denique,
1025 1649 1103 1688 quid
1123 1649 1299 1691 respondes
1319 1649 1360 1680 ad
1383 1649 1466 1680 illud
1478 1650 1548 1682 Ta-

845 1691 917 1731 citi,
919 1690 1096 1732 facilitate
1107 1693 1236 1732 soepius,
1250 1701 1351 1733 quam
1365 1692 1547 1730 industria,

845 1734 1138 1765 commendabatur
1151 1735 1167 1764 ?
1189 1733 1307 1766 Demit
1327 1744 1403 1765 ecce
1422 1734 1470 1766 illi
1495 1735 1546 1766 in-

848 1775 1008 1808 dustriam
1043 1776 1294 1816 ingeniumque:
1331 1785 1366 1807 et
1401 1777 1547 1808 audeaut

849 1817 969 1857 dicere,
1001 1817 1073 1849 haec
1099 1819 1276 1850 convenire
1311 1819 1347 1849 in
1386 1828 1546 1858 magnum

850 1860 944 1892 illum
973 1860 1189 1892 sacerdotem.
1218 1861 1318 1892 Plura
1347 1859 1387 1891 de
1415 1860 1478 1892 hoc
1506 1862 1547 1894 C.

849 1903 974 1941 Cassio,
995 1903 1043 1940 16.
1062 1906 1092 1937 7.
1127 1902 1221 1934 Ln’s.
1270 1903 1468 1944 Pomponius
1489 1904 1548 1935 de-

849 1944 996 1976 fenditur
1010 1954 1030 1976 a
1050 1945 1200 1977 Mer-cero
1214 1945 1256 1977 ad
1277 1944 1312 1976 h.
1327 1944 1350 1975 l.
1364 1950 1397 1976 et
1412 1946 1549 1985 cujacio
1583 1956 1586 1959 ·

847 1987 890 2018 ad
912 1987 957 2019 D.
975 1990 1003 2019 1.
1020 1995 1050 2021 t.
1074 1989 1105 2019 2.
1124 1987 1164 2018 de
1186 1988 1272 2027 orig.
1291 1986 1394 2026 duris,
1408 1993 1443 2018 et
1465 1988 1550 2021 aliis.

848 2029 913 2060 Sed
934 2029 996 2061 hoc
1021 2028 1104 2063 nibil
1126 2028 1167 2060 ad
1189 2039 1262 2061 nos.
1278 2039 1310 2060 v.
1326 2029 1492 2070 Rupertus
1514 2036 1551 2063 ct

849 2071 1021 2103 Reinesius
1035 2073 1070 2104 in
1085 2071 1243 2112 Epistolis
1259 2082 1290 2112 p.
1305 2074 1374 2103 140.
1393 2072 1462 2104 160.
1476 2076 1549 2108 199.

850 2119 885 2144 et
896 2113 1043 2155 Ryckius
1053 2113 1094 2146 sd
1108 2112 1144 2145 b.
1161 2113 1184 2144 1.
1218 2114 1306 2146 ERN.

894 2156 1025 2188 Calibus
1036 2155 1141 2196 ortus]
1170 2155 1200 2187 H
1205 2155 1234 2188 ic
1249 2161 1300 2188 est
1315 2155 1367 2188 M.
1382 2154 1438 2187 ille
1453 2155 1550 2188 Vini-

846 2198 916 2229 cius
942 2198 1065 2240 (placet
1086 2198 1158 2229 aliis
1177 2198 1337 2231 Vinueius
1359 2198 1470 2235 scribi,
1484 2199 1548 2231 etsi

847 2239 916 2271 Dio
931 2250 1061 2283 semper
1074 2239 1246 2281 obi'u'um),
1261 2241 1302 2273 ad
1323 2250 1420 2281 quem
1443 2241 1548 2272 histo-

851 2282 932 2314 riam
954 2293 1047 2315 suam
1068 2283 1214 2315 Velleius
1239 2283 1342 2321 misit,
1358 2283 1473 2322 cuique
1496 2284 1549 2315 in-

849 2324 965 2356 decore
979 2332 1012 2357 et
1025 2325 1188 2358 serviliter
1203 2325 1382 2357 blanditur.
1421 2325 1547 2357 Produ-

850 2366 898 2398 xit
910 2368 1010 2399 vitam
1020 2368 1061 2400 ad
1073 2367 1262 2405 Claudium,
1271 2374 1304 2399 et
1320 2377 1340 2399 a
1354 2366 1547 2406 Messalina,

849 2410 925 2449 quia
960 2410 1117 2451 pudorem
1152 2411 1307 2448 servavit,
1340 2408 1548 2443 interfectus.

850 2451 960 2483 Habes
988 2453 1022 2484 in
1053 2453 1162 2484 Dione
1185 2453 1239 2490 60,
1257 2455 1310 2487 27.
1355 2451 1455 2483 Pater
1476 2453 1548 2491 eius

849 2493 997 2533 Publius,
1013 2494 1136 2527 Consul
1154 2504 1185 2526 a.
1200 2505 1232 2526 u.
1248 2497 1321 2529 755.
1347 2494 1434 2525 Avus
1458 2494 1549 2526 Mar-

851 2546 910 2567 cus
936 2547 966 2568 a.
992 2540 1064 2571 735.
1101 2537 1192 2568 Lirs.
1239 2537 1383 2573 Calibus,
1406 2536 1549 2570 Pichena

850 2578 897 2609 sic
914 2579 1071 2616 restituit,
1088 2580 1176 2620 prius
1196 2579 1366 2619 legebatur
1388 2580 1546 2611 Collibus.

897 2620 1084 2661 Facilitate]
1110 2622 1132 2652 i.
1149 2631 1178 2652 e.
1192 2621 1362 2658 comitate.
1378 2632 1397 2653 a
1410 2631 1475 2661 qus
1482 2619 1548 2659 ‚tiz-

850 2664 926 2694 ciles
938 2663 1094 2695 dicuntur
1108 2663 1194 2704 apud
1217 2669 1366 2695 nostrum
1390 2673 1456 2695 uon
1480 2673 1548 2694 uno

851 2704 936 2737 loco.
960 2705 1168 2738 Facilitatem
1183 2706 1230 2737 sic
1245 2706 1325 2737 dixit
1339 2706 1440 2737 etiam
1453 2705 1548 2736 Suet.

852 2746 969 2779 Claud.
987 2750 1039 2782 29.
1055 2748 1110 2779 ubi
1131 2747 1203 2780 cod.
1228 2747 1377 2779 Harlem.
1393 2747 1477 2778 male
1487 2745 1549 2785 fi·-

854 2789 992 2829 Ιὶεὶιαιε,
1007 2789 1095 2830 quod
1116 2790 1171 2822 hic
1185 2800 1313 2830 quoque
1329 2789 1477 2831 placebat
1496 2788 1550 2818 Pi-

851 2830 978 2868 chcme,
1006 2838 1095 2863 recte
1122 2831 1318 2873 reprehenso
1346 2842 1366 2864 a
1401 2829 1550 2863 Freimh.

853 2873 944 2908 Adde
958 2874 1000 2908 ad
1013 2874 1122 2916 agric.
1137 2877 1169 2908 3·
1207 2873 1255 2906 EF
