1924 3236
362 135 440 170 366
904 134 1278 177 ANNALIUM

246 229 679 284 ‘sualiquandmut
709 230 905 276 conferta
934 233 1062 284 acies,
1081 236 1333 291 corporibus
1363 243 1408 279 et
1429 237 1552 295 pulsu
1575 251 1790 284 armorum

257 286 336 359 28¹2
360 286 581 342 pellerent,
600 287 868 344 pellerentur.
910 288 1097 346 Jamque
1113 303 1158 333 et
1178 292 1335 335 Albani
1358 293 1559 352 Iberique
1578 299 1790 353 prensare,

270 343 600 400 3'50'detrudere,
621 346 854 402 ancipitem
879 360 1066 402 pugnam
1093 348 1287 391 hostibus
1307 349 1461 393 facere.
1521 354 1644 401 Quos
1663 368 1789 410 super

357 411 567 456 eques,;et
586 417 610 443 a
632 403 905 459 propioribus
925 404 1170 447 vulneribus
1190 407 1353 462 pedites
1371 409 1666 458 adflictabant.
1713 411 1788 454 In-

361 467 424 500 ter
445 474 541 514 quae
566 459 876 503 Pharasmanes
901 460 1166 518 Orodesque,
1188 464 1290 505 dum
1312 466 1494 507 strenuis
1524 468 1693 520 adsunt,
1715 476 1791 510 aut

356 515 656 558 dubitantibus
687 517 963 570 subveniunt,
993 520 1231 576 conspicui,
1261 535 1400 577 eoque
1430 523 1788 579 gnari,clam·ore,

359 572 468 624 telis,
490 574 611 629 equis
635 584 924 621 concurrunt:
958 576 1186 618 instantius
1210 577 1545 622 Pharasmanes:
1577 595 1679 630 nam¹
1699 579 1788 626 vul·

356 644 437 671 nus
470 644 544 685 per
578 630 744 685 galeam
774 632 946 687 adegit3
978 647 1056 675 nec
1087 634 1239 676 iterare
1262 634 1410 688 valuit,
1430 637 1630 694 praelatus
1661 653 1788 694 equo,

357 696 402 728 et
442 686 687 728 fortissimis
730 689 959 731 satellitum
1013 693 1339 748 protegentibus
1387 695 1597 737 saucium.
1656 694 1789 741 Fama

358 753 500 785 tamen
551 744 699 796 occisi,
751 745 857 787 falso
908 747 1086 799 credita,
1135 750 1346 792 exterruit
1401 750 1600 804 Parthos,
1651 754 1788 802 victo·

285 805 344 847 36
356 801 561 863 τίἃωᾳυε,
589 816 852 846 concessere.
913 803 1027 846 Mox
1067 805 1312 848 Artabanus
1361 815 1454 849 tota
1502 809 1614 851 mole
1663 811 1785 867 regui

356 858 493 900 ultum
546 859 611 900 iit.
663 860 817 916 peritia
862 860 1053 904 locorum
1112 864 1166 904 ab
1219 863 1355 906 Iberis
1416 866 1568 908 melius
1620 881 1786 923 pugna,-

355 925 462 957 tum.
518 931 597 958 nec
652 916 749 959 ideo
814 918 1088 970 abscedebat,
1138 921 1198 971 ni,
1244 923 1478 964 contractis
1529 923 1788 980 legionibus,

353 971 569 1025 Vitellius,
613 982 657 1014 et
705 975 879 1016 subdito
922 990 1106 1026 rumore,
1148 986 1368 1032 tamquam
1419 978 1786 1036 Mesopotamiam

353 1029 593 1082 invasurus,
632 1041 796 1072 metum
836 1031 1023 1075 Romani
1072 1033 1171 1075 belli
1220 1034 1408 1078 fecisset.
1467 1034 1579 1080 Tum
1624 1039 1782 1082 omissa

351 1087 573 1139 Armenia,
634 1102 852 1144 versaeque
904 1089 1116 1133 Artabani
1167 1106 1255 1145 res3
1316 1092 1536 1135 inliciente
1591 1093 1783 1149 Vitellio,

349 1144 570 1191 desererent
593 1144 759 1202 Regem,
780 1160 925 1189 saevum
943 1146 986 1188 in
999 1162 1116 1204 pace,
1135 1154 1174 1190 et
1195 1149 1370 1191 adversis
1384 1149 1623 1206 proeliorum
1643 1152 1786 1200 exiti&

348 1217 452 1243 sum.
511 1201 654 1259 Igitur
689 1203 908 1255 Sinnaces,
940 1219 1069 1260 quem
1111 1214 1236 1248 antea
1275 1206 1490 1248 infensum
1533 1211 1783 1262 memoravi,

350 1268 516 1314 patrem
539 1259 796 1316 Abdagesen
820 1261 1010 1317 aliosque
1031 1262 1224 1305 occultos
1246 1263 1433 1315 consilii,
1456 1274 1499 1305 et
1521 1273 1624 1307 tunc
1645 1268 1784 1309 conti·

350 1316 448 1358 nuis
485 1316 680 1358 cladibus
718 1319 1019 1373 promptiores,
1053 1320 1106 1361 ad
1139 1320 1427 1362 defectionem
1460 1320 1615 1366 trahit:
1646 1324 1785 1374 adflu-
1832 1330 1839 1336 '

350 1374 525 1417 entibus
557 1374 794 1432 paullatim,
830 1376 920 1431 qui,
963 1386 1079 1419 metu
1117 1377 1271 1434 magiS,
1297 1392 1427 1433 quam
1470 1375 1784 1432 benevolentia,

351 1430 552 1487 subjecti,
574 1432 752 1489 repertis
771 1433 1019 1486 auctoribus
1041 1435 1299 1476 sustulerant
1318 1435 1524 1478 animum.
1584 1436 1783 1494 Necjam

350 1488 464 1530 aliud
487 1488 709 1531 Artabano
734 1488 959 1545 reliquum,
981 1506 1125 1546 quarn,
1148 1492 1182 1532 si
1216 1492 1289 1548 qui
1311 1501 1586 1535 externorum
1610 1495 1782 1552 corpori

350 1546 551 1587 custodes
572 1546 763 1598 aderant,
785 1547 871 1588 suis
893 1547 1074 1604 quisque
1098 1549 1270 1591 sedibus
1302 1558 1509 1602 extorres,
1527 1551 1622 1606 quis
1645 1566 1783 1609 neque

350 1603 452 1645 boni
478 1602 734 1655 intellectus,
756 1618 894 1660 neque
917 1605 1017 1657 ‘Qu
1047 1621 1163 1658 cura,
1181 1606 1254 1648 sed
1278 1607 1472 1649 mercede
1493 1607 1680 1660 aluntur,
1702 1609 1792 1651 mi-‘

348 1660 471 1702 nistri
496 1660 741 1703 sceleribus.
803 1659 885 1703 His
908 1662 1162 1719 adsumptis,
1197 1663 1240 1705 in
1269 1662 1507 1721 longinqua
1534 1675 1579 1707 et
1613 1674 1784 1708 conter-

349 1717 466 1761 mina
494 1718 689 1775 Scythiae
719 1717 869 1776 fugam
890 1721 1137 1774 maturavit,
1159 1735 1236 1779 spe
1261 1720 1437 1774 auxili13
1469 1722 1591 1779 (quia
1611 1721 1783 1779 Hyrca.-

123 1458 269 1505 auh-n

393 1862 546 1904 Cmgfhrta
557 1863 654 1904 acies]
669 1863 721 1895 Sic
731 1863 944 1902 correximus,
952 1863 1040 1903 quod

346 1915 460 1938 omnes
475 1905 548 1937 edd.
558 1906 687 1937 obtinet
700 1910 860 1942 conserta,
871 1905 958 1945 quod
971 1915 1039 1937 esse

347 1947 499 1979 vitiosum
523 1945 663 1978 dubitari
681 1957 747 1978 non
772 1953 892 1987 potest,
915 1953 949 1979 et
971 1957 1039 1979 non

344 1999 413 2021 uno
429 1989 501 2022 loco
515 1999 573 2030 pro
586 1988 734 2030 conferta
748 2000 767 2019 a
778 1990 915 2021 librariis
928 1990 1041 2021 obtru-

345 2031 447 2064 ditur.
493 2032 566 2063 Liv.
582 2035 615 2069 3,
631 2034 683 2066 70.
698 2033 813 2072 quibus
825 2031 973 2072 conserta
982 2042 1041 2072 pe-

344 2074 450 2106 duum
465 2075 550 2105 acies
563 2074 701 2105 cessisset
714 2086 724 2104 .·
747 2075 800 2104 ubi
823 2075 895 2105 cod.
913 2074 1039 2113 Har-lei.

342 2121 500 2148 conserta.
515 2118 569 2153 22,
584 2119 636 2147 28.
649 2114 792 2157 conferto
805 2117 940 2155 agmine
961 2117 1036 2148 mit-

342 2160 385 2190 tit
397 2160 534 2200 equites.-
548 2158 646 2196 inulti
659 2167 720 2188 ser.
733 2164 766 2188 et
779 2158 858 2189 editi
873 2163 1016 2190 conserto
1025 2171 1036 2189 .-

342 2201 426 2232 illud
468 2205 555 2232 recte
582 2206 697 2231 tuetur
729 2201 900 2232 Drakenb.
938 2211 1034 2241 quem

342 2243 427 2280 vide,
443 2250 477 2274 et
495 2252 576 2282 quos
601 2243 646 2273 ibi
672 2242 795 2275 laudat.
840 2243 930 2274 Adde
952 2243 1038 2275 infra

344 2287 397 2322 12,
411 2288 464 2318 35.
483 2287 533 2322 14,
547 2285 600 2316 36.
633 2283 721 2316 ERN.
764 2284 900 2325 Bipont.
923 2285 1037 2325 praefe-

342 2332 422 2359 runt
435 2332 594 2358 conserta.
638 2327 723 2359 Mihi
738 2335 829 2358 secus
843 2327 980 2359 videtur.

384 2369 480 2402 Falso
502 2369 640 2410 credita]
667 2369 757 2410 Lego
776 2369 886 2400 dedita
908 2369 960 2399 vel
985 2369 1035 2400 di-

340 2412 422 2442 dita.
474 2412 518 2444 At
552 2411 715 2451 Josephus
752 2421 862 2442 revera
895 2411 1038 2442 occisum

340 2464 416 2484 eum
431 2453 534 2486 tradit
553 2457 603 2490 18,
618 2456 649 2485 2.
679 2453 773 2485 Ln’s.
808 2452 1040 2491 Diditafama

339 2501 391 2526 est
415 2499 465 2531 11,
492 2499 518 2527 l.
563 2495 627 2526 Sed
641 2497 743 2527 etiam
767 2496 856 2528 Hist.
871 2498 904 2532 4,
920 2498 972 2527 34.
988 2500 1039 2526 est

339 2538 375 2569 in
397 2537 488 2569 libris
514 2538 640 2568 credita
656 2536 777 2578 sama,
804 2537 898 2578 idque
922 2543 1039 2569 eontra

339 2579 490 2621 Lipsium
503 2585 546 2610 et
568 2579 765 2611 Rbenanum
790 2585 877 2610 recte
891 2579 1039 2610 defendit

339 2622 486 2653 Gronov.
507 2621 586 2652 obs.
613 2623 646 2658 3,
673 2625 722 2653 lo.
746 2633 778 2663 p.
797 2623 870 2654 55²0.
914 2621 1039 2661 Vulga-

337 2667 412 2695 turn
427 2664 530 2703 igitur
544 2668 578 2694 et
592 2663 646 2694 hie
661 2663 867 2695 servandum.
898 2663 936 2694 In
952 2663 1032 2694 Ges-

338 2707 410 2738 neri
435 2710 548 2737 tamen
570 2705 670 2737 Thes.
694 2705 733 2737 L.
753 2705 794 2737 L.
811 2716 850 2737 ex
878 2705 927 2736 his
955 2705 1035 2736 locis

336 2747 491 2780 omnibus
513 2746 667 2779 laudatur
678 2748 784 2778 didita
797 2746 914 2788 sama.
944 2747 1032 2780 ERN.

384 2789 503 2822 Ultimi
515 2790 532 2808 *¹
544 2790 581 2826 id,
595 2789 731 2830 peritia]
757 2789 830 2821 Nisi
850 2788 927 2829 quid
950 2789 1035 2820 desit

340 2835 416 2874 (nec
442 2837 524 2873 puto
548 2831 671 2868 hercle,
693 2832 848 2872 quoniam
878 2835 951 2861 tota
973 2831 1035 2862 hac

335 2876 525 2906 narratione
554 2873 631 2906 belli
653 2874 780 2905 externi
802 2874 951 2905 concisus
971 2873 1037 2905 Ta-

1082 1863 1182 1904 citus)
1213 1865 1387 1896 commodo
1419 1863 1651 1896 restituemus:
1683 1866 1782 1905 regni

1081 1908 1190 1936 ultum
1216 1907 1267 1938 iit.
1284 1907 1409 1947 peritia
1438 1907 1460 1937 l.
1475 1916 1509 1938 α.
1531 1907 1561 1938 1.
1583 1917 1626 1938 m.
1645 1909 1782 1948 pugna-

1081 1952 1164 1979 tum.
1209 1949 1310 1980 Amat
1332 1950 1379 1980 ita
1401 1948 1490 1988 loqui
1514 1946 1638 1986 noster,
1653 1955 1688 1980 et
1709 1949 1782 1981 Sal·

1083 1989 1200 2023 lustius
1214 1991 1294 2031 Jug.
1307 1991 1360 2022 68.
1404 1990 1519 2033 ,Quam
1535 1992 1683 2022 maxima
1696 2001 1782 2023 cura

1081 2033 1191 2065 ultum
1225 2034 1277 2064 ire
1310 2031 1455 2074 mjurias
1476 2031 1635 2072 festinat.
1684 2032 1779 2068 Ln’s.

1080 2073 1218 2147 {acepit
1251 2075 1397 2107 Picbena.
1422 2079 1457 2107 et
1486 2076 1591 2106 secuti
1625 2074 1780 2108 editores.

1112 2124 1168 2148 RN·

1100 2158 1243 2232 dAntea]
1270 2159 1325 2190 Sic
1345 2158 1416 2190 cod.
1445 2158 1648 2190 Provocatur
1665 2163 1778 2191 autem

1079 2210 1098 2232 a
1134 2211 1163 2232 e.
1178 2204 1234 2233 31.
1250 2204 1302 2233 32.

1127 2243 1275 2274 Occultos
1295 2242 1447 2283 consulit]
1483 2241 1610 2280 Scribo,
1631 2243 1778 2281 conligit.

1080 2284 1171 2317 LiPs.
1214 2286 1387 2327 Quomodo
1402 2286 1474 2325 jam
1496 2283 1648 2324 conligit,
1672 2284 1699 2315 si
1720 2284 1779 2327 de-⁸

1080 2337 1169 2358 mum
1191 2329 1232 2358 ad
1253 2327 1468 2359 defectionem
1499 2325 1614 2357 trahit.
1655 2325 1780 2370 Melius-

1077 2368 1221 2400 Faernus
1235 2374 1268 2400 et
1280 2369 1429 2401 Freinsh.
1446 2368 1584 2400 comitii:
1599 2368 1693 2408 idque
1709 2378 1780 2412 non

1080 2410 1225 2442 dubitavi
1248 2413 1402 2452 recipere,
1417 2411 1494 2451 quia
1508 2411 1543 2441 in
1559 2410 1631 2442 MS.
1645 2419 1712 2443 non
1726 2416 1777 2444 est

1081 2454 1227 2490 consulit,
1242 2460 1279 2490 ut
1292 2454 1324 2485 id
1340 2458 1512 2495 propterea
1529 2451 1698 2484 ferendum
1712 2453 1775 2491 sit,

1078 2495 1136 2527 sed
1157 2497 1282 2527 consilii
1292 2509 1306 2535 ,-
1331 2501 1368 2527 ut
1382 2495 1511 2526 edidere
1525 2494 1626 2526 etiam
1643 2493 1775 2527 Beroal-

1081 2538 1153 2574 dus,
1175 2538 1335 2576 Alciatus,
1350 2538 1541 2574 Rhenanus,
1557 2536 1672 2574 Aldus,
1693 2536 1776 2578 Gry·

1080 2579 1195 2620 phius:
1233 2580 1320 2620 quod
1356 2579 1497 2610 dubitari
1528 2587 1595 2609 non
1622 2582 1730 2619 potest
1757 2589 1775 2610 e

1080 2623 1204 2653 consilii
1225 2622 1369 2653 factumt
1394 2631 1470 2652 nam
1495 2630 1561 2651 non
1576 2629 1649 2652 raro
1663 2620 1696 2651 in
1714 2620 1775 2652 hac

1076 2664 1172 2696 litera
1184 2663 1266 2704 lapsi
1280 2664 1405 2695 scribae.
1418 2673 1447 2694 v.
1461 2663 1592 2712 Sciopp.
1603 2664 1676 2694 Art.
1691 2661 1774 2694 Crit.

1076 2706 1547 2788 252t⁵1⁶·‚..3{}.³2¹.‘.“5.0203353?²
1571 2702 1774 2778 ἓέἑὲῗωίηῗὲ

1075 2793 1110 2826 4,
1125 2793 1157 2825 7.
1178 2791 1322 2821 occultus
1342 2789 1417 2820 odii.
1442 2789 1619 2829 ambiguus
1639 2789 1773 2820 consilii.

1079 2832 1361 2877 H.2,83.>4,21.
1776 2829 1779 2832 ·
