1956 3250
386 172 456 213 xx
893 159 1354 211 PRAEFATIO.

388 295 526 359 quod
543 292 764 344 Londini
781 301 873 342 est.
910 293 1289 342 Arundellianus
1301 291 1446 352 liber,
1465 291 1606 358 cujus
1623 297 1861 356 excerpta

383 371 542 420 dedit
574 370 701 420 Abr.
735 370 1042 429 Gronovhm,
1065 369 1132 418 V.
1171 368 1229 418 C.
1256 376 1332 418 est
1366 368 1449 418 ille
1485 370 1611 435 ipse,
1641 369 1728 434 qui
1765 367 1857 418 sub

383 449 531 497 Bilib.
558 448 909 497 Pirclcheimeri
930 447 1137 496 nomine
1157 445 1350 494 laudari
1373 445 1519 504 solet,
1535 455 1595 495 ut
1610 453 1786 495 monet
1805 442 1855 493 J.

381 521 803 584 Fr.G10n0vius‚
839 526 903 573 ad
933 523 1109 572 Germ.
1135 539 1181 571 c.
1212 531 1286 569 11.
1355 521 1438 571 De
1460 521 1591 571 libro
1626 522 1857 572 Bamber·

375 603 519 666 gensi
543 610 703 689 ‘supra
727 618 756 651 e
782 600 947 650 Modii
988 599 1201 665 epistola
1234 599 1428 648 dictum
1453 606 1558 647 est.
1596 607 1649 648 et
1668 599 1735 648 de
1764 599 1861 648 Tu-

378 679 554 729 ricensa·
575 678 705 726 infra
727 669 941 728 dicetur.

446 755 578 806 Julii
602 754 858 819 Agricolae
895 754 1136 820 'scriptum
1168 752 1423 819 exemplar
1446 730 1693 817 nusquam
1716 759 1857 802 nota-

378 835 487 883 tum
511 832 692 897 reperi,
709 839 805 880 n'ec
831 831 1037 896 Dialogi
1073 832 1138 880 de
1170 829 1487 888 OratoribuS‚
1522 837 1706 895 praeter-
1741 829 1856 878 Far-

378 905 658 967 nesianum,
682 925 710 958 e
735 906 836 973 quo
860 906 1060 973 Lipsius
1083 923 1198 956 eum
1223 906 1476 955 correxit:
1503 907 1588 970 qui
1602 907 1674 955 ita
1694 921 1856 971 pauca

379 985 565 1051 scripta
589 985 699 1050 ejus
730 985 843 1034 libri
873 982 1177 1050 exemplaria
1207 1000 1315 1033 esse
1339 983 1500 1032 dicit
1485 1000 1538 1032 111
1557 982 1854 1049 praefatione

376 1063 510 1121 libri,
532 1070 591 1110 ut
611 1063 696 1134 vix
701 1059 823 1111 duo
852 1069 938 1110 aut
971 1062 1067 1110 tria
1089 1061 1142 1109 in
1165 1060 1303 1109 omni
1309 1060 1538 1146 Europa
1562 1076 1669 1109 esse
1691 1067 1852 1124 putet.

377 1139 531 1188 Nunc
565 1131 796 1187 universe
832 1138 1018 1202 aliquid
1056 1138 1121 1187 de
1157 1119 1418 1187 codicibus
1449 1136 1646 1202 scriptis
1683 1135 1853 1185 Taciti

379 1217 654 1266 dicendum
678 1202 891 1263 videtur.
1132 1228 1137 1231 ’

446 1292 527 1340 Ac
550 1292 765 1356 primum
789 1290 901 1339 libri
925 1289 1092 1339 Taciti
1115 1307 1219 1339 non
1243 1292 1423 1339 eodem
1447 1289 1636 1338 modo
1621 1305 1675 1338 m
1700 1290 1849 1339 codd.

374 1364 734 1417 inscribuntur.⁴
815 1366 1049 1416 Actorum
1108 1366 1189 1416 vel
1252 1367 1506 1415 Actiomcm
1565 1367 1854 1416 diurnalium

362 1440 618 1495 'Historioe
637 1446 876 1508 Augustoe
898 1445 1044 1492 libros
1076 1443 1371 1508 plerumque
1405 1444 1594 1503 vocari,
1617 1443 1850 1508 intelligi-

373 1531 456 1572 tur
489 1518 670 1587 partim
695 1538 723 1570 e
753 1521 912 1570 titulis
947 1521 1181 1569 codicum
1216 1521 1350 1585 apud
1392 1520 1849 1569 Montefalconium

374 1595 533 1665 (adde
558 1597 785 1663 Lipsium
809 1599 873 1646 ad
899 1596 1035 1645 Ann.
1063 1595 1108 1656 Ι,
1133 1596 1201 1658 1.)
1218 1604 1271 1646 et
1294 1596 1404 1645 MS.
1422 1596 1592 1646 Guelfi
1617 1598 1799 1662 partim
1820 1613 1852 1645 e

366 1675 627 1726 'veteribus
647 1674 951 1733 editionibus
970 1673 1051 1722 Fr.
1073 1673 1623 1732 Puteolani,Frobenii,
1638 1691 1682 1722 a.
1710 1678 1852 1721 1519,

372 1759 559 1801 curata.
599 1751 699 1799 Sed
722 1766 825 1799 non
849 1767 1024 1801 omnes
1046 1750 1200 1799 libros
1223 1751 1295 1799 ita
1325 1750 1578 1810 habuisse,
1593 1750 1852 1799 diversitas

370 1825 631 1879 edentium
653 1827 833 1892 arguit.
904 1825 967 1875 In
991 1827 1213 1877 editione
1234 1828 1464 1892 principe
1492 1827 1574 1877 Jo.
1608 1826 1852 1893 Spirensis

372 1904 509 1954 nulla
531 1913 608 1954 est
629 1904 890 1970 inscriptio
924 1912 1012 1953 aut
1046 1903 1346 1969 subscriptio
1380 1904 1638 1964 librorum,
1671 1905 1768 1952 nisi
1796 1905 1848 1951 in

374 1982 662 2031 Germania.
711 1981 985 2030 Beroaldus
1019 1980 1272 2047 inscripsit
1306 1982 1486 2030 Libros
1516 1981 1852 2030 Historiarum

370 2061 431 2110 ab
452 2074 646 2108 excessu
669 2059 908 2121 Augusti:
946 2074 1010 2107 an
1034 2074 1062 2107 e
1085 2057 1214 2107 libro
1235 2057 1323 2107 illo
1347 2057 1847 2117 Corbeio-Medice0‚

370 2154 475 2188 non
496 2142 700 2203 possum
723 2138 911 2197 dicere,
936 2154 1052 2187 cum
1088 2137 1211 2185 nihi-l
1246 2137 1432 2186 diserte
1457 2145 1685 2186 notatum
1709 2142 1848 2202 repe.

372 2215 538 2264 rerim.
578 2213 711 2262 Illud
733 2214 884 2262 video
907 2232 936 2262 a
957 2214 1004 2264 J.
1032 2214 1294 2263 Gronovio
1317 2215 1658 2279 proditum,in
1683 2214 1846 2279 capite

372 2291 432 2340 L.
451 2290 751 2339 111L1n1110
777 2290 954 2340 codice
979 2292 1219 2356 scriptum
1244 2306 1381 2339 esse:
1407 2291 1592 2355 Incipit
1605 2290 1671 2339 L.
1691 2291 1845 2339 IIII.

370 2370 433 2419 ab
467 2383 660 2417 excessu
696 2368 928 2431 Augusti.
1001 2367 1275 2416 Rhenanus
1310 2368 1527 2415 Annales
1564 2367 1846 2434 inscr'qzsitz

370 2446 509 2511 quod
525 2446 812 2501 constanter
830 2459 1006 2492 omnes
1023 2444 1183 2493 secuti
1202 2451 1318 2492 sunt
1333 2460 1491 2509 usque
1510 2445 1575 2494 ad
1592 2443 1846 2510 Lipsium3

372 2523 462 2586 qui
486 2529 741 2586 receptam
764 2521 916 2572 hodie
953 2520 1197 2570 rationem
1235 2521 1465 2571 invexit:
1499 2522 1567 2571 de
1605 2538 1704 2587 qna
1740 2521 1848 2586 ipse

370 2599 489 2648 satis
510 2595 655 2647 dixit.
724 2597 836 2646 Nec
871 2598 924 2645 in
947 2598 1258 2663 praenomine
1299 2597 1467 2647 Taciti
1508 2599 1848 2648 consentiunt.

327 2677 331 2681 ’
369 2668 420 2725 J.
444 2673 732 2740 Gronovius
755 2690 784 2723 e
810 2673 1051 2724 Mediceo
1076 2675 1269 2740 profert
1299 2676 1363 2725 P.
1390 2684 1442 2725 et
1463 2675 1519 2724 id
1538 2675 1589 2726 ei
1612 2675 1849 2725 tribuitur

362 2753 425 2802 ‚in
461 2751 765 2802 editionibus
790 2751 1044 2801 veteribus
1078 2752 1198 2800 inde
1222 2768 1251 2800 a
1284 2751 1552 2812 Beroaldo,
1567 2752 1660 2817 qni
1682 2768 1713 2802 e
1737 2751 1849 2801 Me-

345 2826 520 2881 ’diceo
543 2827 738 2888 sumsit,
759 2842 917 2893 usque
940 2828 1006 2877 ad
1028 2826 1275 2895 Lipsium,
1298 2845 1327 2878 a
1350 2845 1450 2895 quo
1478 2831 1530 2879 C.
1553 2840 1846 2896 praenumen
