1924 3236
409 157 486 199 348
957 161 1043 202 AN
1055 162 1141 203 NA
1152 161 1186 203 L
1198 165 1218 204 1
1233 164 1328 206 UM

301 274 341 306 Α.
358 259 625 306 U.industria
638 261 1037 304 commendabatur.
1073 263 1194 307 Huic
1218 264 1467 321 Drusillam,
1489 268 1664 313 Vinicio
1685 268 1850 316 Juliam
1886 293 1915 318 ,μ

311 319 388 390 785ὁ
414 319 675 362 Germanico
697 319 880 376 genitaS,
901 319 1155 378 conjungit:
1180 337 1391 379 superque
1411 340 1462 368 ea
1485 338 1529 370 re
1548 328 1725 371 Senatui
1744 331 1850 372 scri·
1885 322 1913 371 ἑ

303 360 377 434 252.
391 382 399 392 ‘
411 377 514 434 psit,
526 376 608 419 levi
622 391 719 418 cum
736 376 1260 432 honorejuvenum.dein,
1278 381 1452 423 redditis
1465 385 1672 435 'absentiae
1686 387 1849 430 caussis
1884 379 1913 415 ⁷''¹

409 434 644 487 admodum
658 433 926 489 vagis‚flexit
938 435 989 476 ad
1005 437 1204 491 graviora
1215 447 1259 479 et
1272 438 1530 482 offensiones
1544 443 1600 483 ob
1612 442 1848 500 Rempubl.
1890 442 1916 486 μ’

408 501 594 548 coeptas,
609 497 728 547 utque
746 489 895 531 Macro
911 490 1137 549 Prcffectus
1150 494 1494 553 Tribunorumque
1505 505 1542 539 ec
1557 496 1847 543 Centurionum
1907 533 1916 554 :-

399 550 529 606 pauci
541 562 670 589 secum
687 548 918 600 introirent,
932 550 1109 605 quotiens
1127 551 1281 594 curiam
1295 553 1581 610 ingrederetur,
1587 550 1734 611 petivit
1746 567 1760 608 ;
1783 557 1848 599 fa-·
1892 550 1916 605 ’ᾖ

408 615 567 661 ctoque
582 606 713 660 large,
726 615 769 646 et
784 606 873 646 sine
890 608 1216 664 praescriptione
1235 612 1403 667 generis
1420 620 1495 653 aut
1514 614 1696 665 numeri,
1713 613 1845 656 Sena-

409 661 695 713 tusconsulto,
711 676 762 704 ne
785 673 898 705 tecta
912 665 1085 719 quidem
1107 667 1240 719 urbis,
1257 668 1365 710 adeo
1381 668 1601 724 publicum
1618 670 1846 714 consilium
1900 717 1902 719 ,

410 734 644 776 numquam
667 720 788 772 adiit,
810 721 946 762 deviis
971 723 1220 779 plerumque
1254 725 1479 766 itineribus
1513 727 1738 784 ambigens
1773 720 1848 785 pass
1899 741 1918 773 ἢ

300 779 340 833 ἐξ·
354 776 397 809 U·
411 778 535 819 triam
558 786 602 819 et
619 776 853 819 declinans.
915 778 1086 821 Interea
1109 790 1266 838 magna
1289 783 1350 823 vis
1372 794 1671 826 accusatorum
1702 785 1746 826 in
1768 792 1843 828 eos
1907 783 1918 828 ’.

301 820 588 897 pfgjnrupit,
610 834 682 891 qui
709 835 910 891 pecunias
934 836 1103 879 foenore
1137 838 1423 891 auctitabant,
1446 841 1672 883 adversum
1701 841 1843 899 legem
1905 839 1915 871 j

322 907 377 937 33.
412 891 651 934 Dictatoris
674 891 872 945 &esai-is,
896 908 980 949 qua
997 892 1044 936 de
1065 895 1178 938 modo
1201 895 1385 938 credendi
1399 894 1706 955 possidendique
1729 900 1845 942 intra

345 947 583 992 161taliam
603 958 806 1003 cavetur3
839 951 1040 992 omissam
1074 952 1193 1002 olim,
1215 953 1318 1008 quia
1352 955 1519 1009 privato
1551 957 1646 996 usui
1683 958 1846 999 bonum

408 1007 632 1068 publicum
653 1011 943 1066 postponitur.
986 1008 1099 1053 Sane
1117 1005 1239 1052 vetus
1259 1011 1355 1052 urbi
1379 1009 1578 1054 foenebre
1597 1013 1776 1068 malum,
1799 1023 1844 1056 et

450 1139 635 1170 Admodum
647 1138 756 1179 vagis]
772 1139 905 1178 Nescio,
919 1149 960 1171 an
974 1139 1104 1179 melius,

407 1183 513 1213 vanis.
522 1187 560 1212 ut
571 1191 699 1213 caussas
714 1182 801 1212 (licat
816 1182 927 1213 futiles
943 1183 1103 1223 levesque.

406 1224 533 1255 Tamen
549 1234 616 1255 non
632 1224 731 1262 male,
745 1226 838 1263 vagis
851 1237 860 1255 :
883 1226 972 1263 quasi
990 1225 1104 1257 alienis

406 1272 442 1296 et
457 1276 574 1306 parum
588 1268 697 1298 certis.
734 1266 828 1298 Ln’s.
875 1267 978 1306 Vagis
990 1277 1103 1299 verum

407 1314 502 1348 puto,
518 1309 539 1340 i.
553 1319 583 1340 e.
602 1309 698 1349 longe
713 1309 875 1349 repetitis,
889 1315 923 1340 et
945 1319 1019 1340 cum
1043 1310 1104 1341 flu-

406 1351 576 1382 ctuatione
598 1351 751 1390 quadam,
770 1356 807 1382 ut
831 1356 1014 1393 appareret,
1026 1362 1103 1384 eum

406 1391 584 1432 laborasse,
598 1403 658 1425 nec
681 1405 700 1425 a
715 1403 790 1425 vera
813 1395 915 1426 animi
937 1396 1103 1427 sententia

405 1435 591 1475 protulisse.
634 1436 688 1467 Sic
711 1439 762 1475 15,
778 1440 830 1468 54.
845 1437 924 1476 vagi
943 1446 1104 1469 sermones

405 1478 600 1510 tribuuntur
621 1479 665 1515 ei,
687 1481 741 1518 qui
769 1479 922 1512 laetitiam
947 1479 1102 1512 simulare

405 1521 590 1552 contendit.
629 1520 714 1553 ERN.

451 1563 500 1594 Ob
513 1563 627 1604 Remp.
637 1564 769 1606 coeplas]
780 1565 828 1595 An
845 1565 962 1604 magis,
973 1569 1099 1605 captas,

404 1613 447 1635 an
482 1615 559 1637 cum
595 1605 742 1644 Mureto,
775 1608 966 1647 susceptas?
1008 1607 1100 1639 Lirs.

406 1646 546 1679 Planum
559 1654 620 1684 est.
628 1648 782 1680 Tacitum
797 1651 939 1690 posuisse
951 1650 1100 1688 verbum,

403 1690 489 1729 quod
516 1691 716 1731 significaret
742 1696 915 1732 susceptas.
959 1691 1010 1723 An
1037 1692 1099 1723 hoc

403 1732 511 1772 ipsum
541 1734 699 1774 posuerit,
727 1734 852 1765 dubito.
897 1733 984 1774 Quid
1010 1735 1098 1766 enim

404 1774 567 1806 induxisse
582 1776 729 1808 dicamus
752 1777 913 1812 librarios,
930 1781 968 1806 ut
989 1780 1098 1808 mula-

404 1821 490 1848 rent.
533 1818 641 1858 Magis
669 1818 793 1849 inclino
819 1820 852 1849 in
880 1822 1003 1858 captas.
1046 1819 1099 1850 Sic

404 1859 619 1892 benevolentia
633 1862 765 1901 capitur
777 1862 859 1892 dixit
876 1862 990 1893 Cicero
1002 1861 1097 1893 Offic.

403 1902 436 1937 2,
458 1906 490 1936 9.
515 1901 610 1943 idque
635 1908 846 1944 permutatur
869 1912 943 1934 cum
971 1907 1099 1944 coeptus.

401 1942 445 1974 V.
474 1943 563 1985 Lips.
592 1944 686 1976 Lect.
708 1945 787 1976 Ant.
817 1949 849 1982 5,
872 1947 904 1976 4.
948 1945 1031 1976 Add.
1057 1945 1098 1977 ad

403 1984 491 2017 Hist.
523 1990 555 2024 2,
589 1990 642 2022 79.
670 1991 728 2018 aut
755 1991 927 2027 exceptas.-
961 1988 1097 2020 Sueton.

402 2029 485 2059 caes.
515 2032 566 2064 73.
589 2031 774 2061 simultates
801 2030 944 2069 excepit.-
970 2031 1003 2060 in
1034 2039 1099 2070 quo

400 2069 505 2102 haeret
533 2071 765 2103 Burmannus:
795 2071 999 2103 defendimus
1025 2082 1096 2110 nos,

400 2113 561 2152 probante
573 2114 817 2156 Oudendorpio.
851 2114 937 2147 ERN.
976 2116 1099 2156 captas

399 2154 545 2186 Faernus
559 2156 701 2188 volebat.

439 2198 618 2238 Ambigens
634 2198 799 2240 patriam]
829 2200 934 2232 Beato
957 2199 1093 2241 placuit,

397 2240 555 2273 ambiens.
613 2241 792 2281 Vulgatam
828 2242 916 2273 tueri
952 2242 1095 2278 videtur,

397 2282 486 2322 quod
518 2293 617 2324 supra
650 2285 833 2325 scriptum:
877 2283 1095 2325 Campaniam

391 2327 602 2365 proelegebat,
613 2326 788 2365 ambiguus
802 2335 847 2357 an
861 2327 972 2357 urbem
986 2327 1094 2357 intra·

394 2371 447 2398 ret
455 2380 472 2406 ‚·
487 2370 520 2400 ni
533 2373 684 2409 suspecta
693 2373 778 2399 esset
788 2368 941 2399 dictionis
951 2370 1090 2400 novitas.

392 2407 486 2442 L1PS.
530 2411 683 2443 Ambiens
696 2412 796 2442 etiam
820 2410 983 2442 Ferratus.
1029 2410 1092 2442 Sed

393 2453 563 2492 ambigens
592 2463 704 2484 verum
740 2458 834 2494 puto,
862 2455 924 2484 etsi
961 2453 1090 2485 nullum

392 2492 484 2526 aliud
495 2496 565 2535 ejus
577 2496 665 2527 verbi
681 2495 727 2526 sic
741 2496 891 2536 usurpati
905 2495 1091 2537 exemplum

393 2535 561 2575 prolatum
573 2537 740 2569 scio.olim
753 2537 883 2577 quidem
899 2539 945 2569 sic
956 2537 1093 2574 dictum,

391 2579 549 2618 arnbages
563 2586 760 2620 argumento
775 2585 865 2610 sunt.
891 2580 1092 2620 ambagibus

391 2619 589 2653 circumibat
611 2623 724 2653 urbem
745 2627 780 2653 et
794 2621 994 2660 declinabat,
1010 2632 1090 2664 quo-

390 2663 452 2693 ties
467 2662 509 2694 ad
521 2673 595 2695 eam
611 2664 809 2700 accessisset.
845 2665 932 2696 ERN.

430 2705 615 2738 Adversum
637 2707 742 2745 legem
761 2707 911 2748 Coesaris]
936 2706 1091 2747 Suggerit

386 2756 463 2778 eam
485 2747 591 2789 legem
612 2754 738 2789 aperte,
758 2749 983 2789 quod.sciam‚
1002 2748 1091 2779 solus

387 2789 455 2821 Dio
482 2792 538 2826 41,
563 2792 614 2822 38.
648 2790 765 2825 'Ea-⁸136
793 2802 826 2822 vt
854 2792 957 2831 τυχνοὶ
983 2791 1091 2822 πολλὰ

386 2831 539 2875 χρήματά
581 2844 613 2864 τι
647 2833 728 2874 ’ἔχων
767 2834 821 2865 καὶ
863 2835 965 2866 πάντα
1005 2834 1088 2865 αὐτὰ

386 2874 586 2918 &maceda-rm
608 2876 755 2917 ἰλίγοντο,
776 2877 958 2920 ἅπονγὸριυη
978 2875 1087 2917 μηδένα

387 2921 486 2950 1πλεῗον
502 2920 755 2963 πεντακισχιλίων
768 2920 821 2952 καὶ
830 2920 935 2964 μυρίων
947 2919 1088 2963 δραχμῶν

1146 1142 1172 1173 ἰν
1187 1141 1314 1186 ἀργυρίῳ
1332 1141 1349 1177 ἢ
1371 1143 1424 1174 καὶ
1444 1144 1558 1187 χρυσίῳ
1579 1144 1759 1178 κατῆσθαι.
1799 1142 1846 1176 Et

1146 1185 1300 1216 alludunt
1329 1187 1384 1217 alii
1416 1187 1604 1228 scriptoreS,
1633 1191 1672 1218 ut
1706 1188 1846 1219 sueton.

1145 1226 1258 1259 Tiber.
1275 1231 1327 1264 49.
1347 1228 1424 1260 dum
1451 1229 1565 1260 scribit
1579 1228 1734 1270 quosdam
1751 1228 1844 1260 dam-

1147 1276 1255 1308 natos,
1269 1272 1384 1311 quibus
1397 1272 1483 1302 nihil
1497 1271 1593 1302 aliud
1611 1272 1654 1302 sit
1674 1269 1845 1312 objectum,

1145 1321 1245 1352 quam
1268 1315 1355 1354 quod
1370 1318 1503 1354 partem
1530 1314 1580 1344 rei
1593 1313 1787 1353 familiaris
1807 1314 1845 1345 in

1167 1356 1283 1387 ecunia
1293 1357 1458 1387 haberent.
1475 1357 1617 1392 Partem,
1627 1356 1762 1393 scilicet,
1774 1362 1846 1387 maa

1140 1400 1249 1437 Jorem
1265 1408 1363 1438 quam
1386 1409 1445 1439 pro
1461 1398 1544 1438 lege.
1588 1397 1629 1430 In
1645 1409 1709 1437 qua
1724 1397 1846 1430 Sueto-
1907 1403 1908 1406 ’

1145 1439 1189 1469 nii
1206 1450 1282 1472 vera
1296 1441 1461 1472 sententia
1473 1440 1632 1473 eruenda:
1649 1441 1844 1472 Scholiastae

1144 1486 1222 1512 sunt
1235 1482 1368 1514 frustra.
1395 1481 1398 1485 ’
1411 1483 1588 1522 Reliquum
1602 1483 1751 1524 peeuniae
1764 1492 1844 1514 con-

1143 1523 1221 1555 ferri
1235 1525 1344 1556 Caesar
1356 1525 1506 1556 voiuitin
1519 1534 1625 1566 agros.
1647 1525 1740 1557 st.
1762 1525 1842 1558 Non

1142 1566 1239 1597 credo
1269 1567 1377 1598 locum
1415 1567 1533 1599 Dionis
1568 1567 1634 1598 huc
1666 1567 1843 1609 pertinere.

1143 1607 1245 1647 Nam,
1260 1610 1286 1640 si
1301 1610 1372 1650 quis
1386 1608 1556 1649 sequentia
1571 1610 1672 1650 legat,
1689 1610 1842 1651 reperiet,

1145 1649 1307 1682 Caesarem
1330 1653 1508 1692 praefinisse
1522 1652 1669 1690 modum,
1689 1660 1757 1683 non
1771 1661 1843 1684 cre·

1142 1692 1270 1732 dendae,
1293 1694 1348 1726 sed
1372 1694 1459 1725 domi
1490 1694 1648 1726 habendre
1675 1694 1838 1736 pec-unite,

1142 1745 1209 1766 non
1226 1737 1322 1767 modo
1338 1737 1372 1767 in
1396 1737 1517 1774 numis,
1529 1736 1584 1768 sed
1605 1737 1707 1768 etiam
1728 1737 1764 1767 in
1785 1745 1840 1767 su—

1141 1777 1298 1818 pellectili
1322 1789 1421 1810 aurea
1445 1784 1480 1811 et
1500 1783 1676 1819 argentea:
1699 1777 1840 1810 voluisse

1140 1818 1179 1851 ea
1195 1820 1266 1860 lege
1281 1821 1421 1859 efficere,
1431 1826 1470 1852 ut
1483 1820 1546 1852 hoc
1561 1819 1670 1862 plures
1682 1829 1839 1860 cogeren-

1140 1858 1197 1893 tu‘r
1218 1862 1347 1894 credere
1369 1863 1537 1904 pecunias,
1551 1871 1611 1893 nec
1626 1870 1680 1893 eas
1695 1863 1839 1904 compri-

1142 1909 1284 1943 merent,
1316 1906 1352 1936 in
1388 1915 1526 1945 arcaque
1551 1903 1724 1942 haberent,
1754 1913 1837 1936 neve

1140 1946 1235 1986 copia
1263 1947 1410 1988 pecuniae
1443 1951 1568 1989 paratae
1594 1949 1679 1978 esset
1701 1947 1840 1979 materia
1901 1972 1907 1984 ,

1142 1998 1249 2019 rerum
1274 1998 1459 2029 novarum3
1482 1998 1546 2030 quo
1567 1994 1714 2029 spectare
1735 1988 1846 2023 etiam.

1141 2030 1252 2062 locum
1282 2032 1431 2064 Suetonii
1456 2031 1531 2064 Tib.
1551 2033 1605 2066 49.
1627 2030 1769 2062 diximus
1795 2031 1838 2064 ad

1139 2073 1235 2104 illum
1271 2073 1394 2106 locum.
1446 2074 1594 2116 Lipsium
1634 2079 1750 2104 tamen
1784 2082 1836 2105 se-

1139 2119 1236 2146 cutus
1251 2120 1300 2147 est
1322 2117 1356 2147 in
1380 2116 1497 2148 notula
1518 2116 1559 2148 ad
1580 2114 1701 2147 Dionis
1723 2115 1835 2148 locum

1139 2157 1171 2190 J..
1185 2158 1227 2195 A.
1244 2158 1422 2190 Fabricius.
1452 2160 1607 2192 Ceterum
1624 2167 1691 2190 non
1705 2156 1834 2196 dubito,

1135 2199 1240 2239 legem
1256 2200 1309 2232 hic
1323 2201 1416 2231 innui
1430 2201 1644 2239 Treboniam,
1656 2209 1720 2239 qua
1730 2199 1830 2231 fidem

1136 2242 1301 2282 publicam
1316 2243 1503 2281 constituit,
1516 2249 1564 2281 et,
1578 2249 1618 2276 ut
1632 2243 1662 2275 ei
1678 2243 1710 2272 in
1726 2246 1838 2283 poste-

1138 2294 1209 2315 rum
1225 2291 1406 2322 caveretur,
1423 2294 1490 2316 rem
1511 2295 1644 2318 omnem
1666 2284 1834 2328 fenebrem

1135 2331 1170 2358 et
1196 2327 1431 2367 pecuniariam.
1472 2327 1572 2360 ,Nam
1602 2329 1668 2360 Dio
1698 2328 1751 2363 58,
1778 2324 1842 2359 91:

1135 2374 1231 2399 vocat
1267 2369 1351 2400 hanc
1383 2370 1520 2401 Caesaris
1551 2370 1658 2412 legem
1687 2368 1751 2412 mei
1776 2368 1834 2400 νῦν
1890 2360 1919 2418 74

1134 2411 1327 2450 συμζολιιίων.
1370 2411 1407 2442 ld
1429 2412 1590 2454 interpres
1605 2412 1745 2444 Latinus
1760 2420 1832 2442 ver·

1134 2455 1199 2485 tit:
1223 2455 1263 2485 de
1288 2455 1516 2486 contractibus.
1540 2454 1638 2487 male.
1660 2458 1768 2486 verte:
1795 2452 1836 2484 de

1131 2497 1277 2536 pecuniis
1289 2497 1419 2527 creditis
1426 2509 1440 2535 ,-
1456 2506 1535 2536 quas
1549 2498 1598 2530 ita
1611 2496 1733 2534 vocari,
1745 2494 1834 2526 mul·
1887 2499 1890 2504 '

1134 2539 1178 2569 tis
1193 2538 1273 2569 locis
1290 2539 1424 2580 planum
1445 2546 1506 2570 est.
1518 2538 1583 2572 vid.
1599 2539 1780 2571 Gesner-um
1796 2540 1832 2568 et
1883 2571 1885 2575 ¹

1134 2581 1286 2612 Reizium
1301 2580 1342 2612 ad
1364 2580 1503 2612 Luciani
1523 2581 1660 2613 Asinum
1683 2580 1758 2612 init.
1774 2579 1832 2610 ubi
1883 2582 1886 2587 ’
1906 2589 1918 2625 s

1134 2623 1253 2663 aliquis
1268 2622 1388 2654 dicitur
1402 2632 1535 2664 peregre
1558 2623 1674 2656 abiisse
1697 2625 1834 2663 propter
1883 2626 1919 2666 1:13¹*

1135 2666 1277 2709 «meginh
1288 2664 1478 2705 συμζὸλαωνε
1492 2666 1539 2697 ad
1547 2665 1743 2705 exigendam
1756 2664 1841 2704 syn-¹
1894 2667 1914 2696 ἕ

1131 2711 1314 2749 grapham,
1332 2708 1520 2749 pecuniam,
1534 2717 1634 2746 quam
1656 2711 1752 2748 pater
1772 2703 1834 2736 ali-
1890 2724 1903 2738 -.

1134 2752 1186 2781 cui
1201 2750 1402 2787 credidisset,
1415 2754 1454 2780 ut
1467 2750 1523 2781 ille
1532 2749 1674 2781 Tiresias
1689 2759 1743 2790 ap.
1757 2746 1837 2780 Cal-⁴
1885 2747 1915 2791 3¹-

1133 2792 1312 2824 limachum
1330 2792 1374 2823 H.
1389 2792 1424 2823 in
1441 2792 1593 2823 Cererem
1609 2802 1639 2822 v.
1652 2794 1706 2827 78.
1722 2789 1835 2827 *rimor
1888 2793 1902 2834 ξ’

1130 2835 1312 2868 ἀνταιτῆσαι
1336 2834 1400 2865 Hic
1416 2834 1518 2874 igitur
1532 2834 1623 2865 locus
1638 2833 1756 2866 Dionis
1768 2832 1838 2874 hue*

1130 2879 1286 2918 pertinet.
1316 2877 1403 2909 ERN.
1443 2877 1483 2908 In
1500 2875 1706 2909 Callimacho
1721 2873 1835 2915 Erysi·
1882 2892 1886 2897 ν
1912 2883 1914 2886 ⁴

1130 2919 1256 2952 chthon
1266 2918 1375 2959 est,de
1387 2929 1453 2961 quo
1462 2918 1720 2960 sermo,T1-iopae
1731 2916 1840 2950 filius.'
