1956 3250
774 429 1082 483 VETERUM
1116 435 1531 483 SCRIPTORUM
1581 409 1592 432 ⁵

584 665 979 754 ΤΑΟΙΤΟ
1044 624 1742 756 TESTIMONIA,

1014 825 1093 853 vul.
1122 825 1312 853 EJUSDEM

822 934 1082 991 FRAG
1110 933 1485 990 MENTA.

583 1205 698 1248 Plin.
724 1202 821 1247 Lib.
844 1203 951 1247 VII.
991 1204 1096 1248 Nat.
1121 1204 1241 1247 Hist.
1267 1220 1367 1263 cap.
1390 1204 1523 1248 XVI.
1545 1205 1747 1262 (XVII.)

429 1279 590 1345 IPSI
608 1313 689 1341 non
707 1296 864 1354 pridem
881 1295 1057 1339 vidimus
1077 1296 1215 1338 eadem
1244 1297 1381 1339 omnia
1403 1296 1447 1338 iu
1462 1295 1564 1353 filio
1596 1295 1725 1342 Corn.
1749 1297 1886 1342 Taciti

426 1367 572 1427 equitis
594 1366 653 1410 R.
677 1365 833 1408 Gallice
857 1365 1039 1423 Belgica
1060 1365 1238 1408 rationes
1255 1366 1530 1421 procurantis,

782 1434 950 1476 Plinius
968 1433 1117 1491 Nepos
1140 1434 1215 1475 lib.
1242 1433 1304 1476 ΙΙ.
1330 1433 1470 1491 Epist.
1492 1433 1529 1476 Ι.

486 1504 704 1548 Laudatus
731 1511 786 1547 esc
817 1501 1035 1560 Verginius
1063 1518 1089 1545 a
1119 1501 1297 1547 Consule
1320 1501 1447 1546 Corn.
1472 1502 1630 1546 Tacito.
1685 1504 1798 1548 Nam
1818 1505 1882 1548 liic
1947 1497 1950 1499 Δ

412 1572 621 1635 felicitati
661 1574 766 1638 ejus!
787 1587 991 1628 supremus
1031 1572 1215 1632 cumulus
1257 1573 1433 1625 accessit,
1471 1572 1666 1616 laudator
1695 1573 1882 1632 eloquen-

426 1643 616 1687 tissimus.

840 1709 1004 1752 Eodem
1025 1709 1153 1761 libro,
1175 1709 1359 1767 Epistol.
1380 1709 1470 1753 XI.

486 1779 712 1837 Respondit
733 1778 950 1821 Cornelius
975 1778 1142 1821 Tacitus
1160 1779 1493 1836 eloquentissime,
1506 1787 1541 1822 et
1563 1779 1674 1837 quod
1692 1768 1882 1825 eximium

433 1850 612 1894 orationi
632 1850 715 1906 ejus
729 1848 844 1900 inest,
865 1853 1019 1902 σεμνῶς.

888 1917 1020 1960 Libro
1045 1915 1123 1960 IV.
1149 1916 1290 1973 Epist.
1315 1918 1422 1961 XV.

486 1988 602 2031 Idem
636 1986 868 2031 Cornelium
894 1986 1098 2040 Tacitum,
1119 1986 1196 2028 scis
1225 2002 1342 2043 quem
1371 1986 1522 2039 virum,
1544 1994 1664 2029 arcta
1678 1986 1879 2046 familia-

425 2059 549 2103 ritate
568 2055 796 2112 complexus
817 2062 888 2098 est.
1131 2057 1149 2063 ’“
1416 2108 1419 2113 s

871 2124 1003 2166 Libro
1028 2122 1109 2166 VI.
1137 2123 1284 2181 Epist.
1309 2124 1439 2167 XVI.

486 2193 604 2236 Petis
622 2200 668 2236 ut
685 2192 879 2235 avunculi
896 2193 974 2234 mei
993 2193 1144 2235 exitum
1166 2193 1244 2234 tibi
1263 2193 1452 2245 scribam,
1471 2208 1550 2250 qao
1571 2193 1703 2236 verius
1722 2194 1882 2237 tradere

421 2262 592 2320 posteris
603 2262 746 2319 possis.
779 2260 954 2304 Gratias
974 2276 1068 2319 ago,
1090 2276 1189 2303 nam
1209 2261 1325 2304 video
1342 2262 1466 2304 morti
1486 2262 1583 2319 ejus,
1604 2261 1640 2304 si
1660 2261 1879 2305 celebretur

426 2349 453 2375 a
475 2340 528 2385 te,
549 2330 816 2374 immortalem
833 2329 1012 2387 gloriam
1033 2345 1108 2372 esse
1125 2330 1390 2387 propositam.

715 2400 849 2441 Libro
873 2398 978 2440 VII.
1003 2397 1144 2456 Epist.
1169 2399 1285 2442 XX.
1308 2399 1360 2440 ad
1389 2397 1607 2441 Tacitum.

484 2469 583 2512 Erit
622 2484 762 2511 rarum
804 2476 842 2511 et
877 2469 1049 2525 insigne,
1081 2468 1182 2510 duos
1215 2468 1406 2519 homines,
1438 2475 1554 2511 aetate
1585 2469 1880 2526 propemodum

423 2538 610 2598 aequales,
630 2554 710 2580 nori
729 2537 883 2580 nullius
901 2537 946 2580 in
966 2537 1115 2580 litteris
1136 2538 1323 2591 nominis,
1345 2537 1518 2580 alterum
1543 2537 1713 2582 alterius
1741 2539 1880 2582 studia
1915 2527 1916 2530 Ἴ

410 2609 586 2669 fovisse.
646 2607 850 2663 Equidem
871 2606 1201 2659 adolescentulus,
1223 2623 1312 2649 cum
1321 2608 1419 2664 jam
1440 2614 1512 2649 tua
1516 2605 1646 2665 fama
1662 2607 1881 2667 gloriaque

411 2679 599 2736 floreret,
618 2683 655 2718 te
683 2677 807 2732 sequi,
829 2676 908 2718 tibi
937 2675 1072 2734 longo,
1093 2676 1162 2718 sed
1186 2676 1411 2732 proximus,
1433 2674 1667 2729 intervallo,
1688 2684 1726 2719 et
1746 2692 1822 2721 esse
1841 2683 1879 2720 et

427 2747 568 2791 haberi
588 2745 927 2801 concupiscebam.
988 2752 991 2755 ’

885 2813 1018 2856 Libro
1042 2812 1132 2856 IX.
1157 2812 1298 2871 Epist.
1317 2813 1450 2855 XIV.

437 2902 439 2904 ·
488 2883 574 2928 Nec
596 2884 678 2941 ipse
697 2882 776 2926 tibi
791 2881 958 2939 plaudis
971 2899 984 2932 ,·
1015 2890 1051 2924 et
1072 2897 1142 2939 ego
1165 2882 1271 2924 m'hil
1290 2882 1420 2940 magis
1440 2882 1606 2939 erfida
1621 2896 1743 2940 quam
1774 2881 1822 2924 de
1841 2889 1880 2925 te

427 2954 570 2998 scviboe
632 2952 814 2996 Posteris
843 2966 902 2993 an
922 2950 1064 3009 aliqua
1086 2966 1185 2994 cura
1215 2950 1343 2993 nostri
1372 2951 1529 2994 nescio.-
1560 2961 1633 2993 nos
1663 2957 1770 2994 certe
1797 2964 1878 2993 me·
