1924 3236
422 167 501 203 818
974 164 1341 209 ANNALIUM

317 276 358 309 A.
375 277 418 308 U.
432 265 483 306 iis
507 265 672 309 Drusus
687 265 876 323 jusserat
895 266 1130 318 modicum,
1150 281 1230 324 pro
1250 268 1451 324 angustia
1470 282 1627 320 rerum,
1647 275 1694 310 ut
1712 268 1758 311 in
1775 282 1870 310 usus
1918 279 1924 318 ’ς

329 323 406 393 7Βέ
429 321 642 376 militares,
655 324 766 365 coria
786 325 903 366 boum
922 323 1160 379 penderent:
1184 339 1269 365 non
1291 326 1458 367 intenta
1473 327 1729 382 cujusquam
1751 324 1924 378 curas&

322 365 395 437 ἕζεο
411 386 527 436 'quae
551 381 784 432 firmitudo,
805 395 902 435 quae
932 394 1151 432 mensura3
1181 381 1319 423 donec
1342 382 1566 437 Olennius,
1585 398 1609 425 e
1634 383 1871 440 primipila-

427 439 561 491 ribus,
583 439 781 495 regendis
805 437 954 479 Frisiis
985 438 1211 494 inpositus,
1233 446 1346 495 terga
1366 454 1533 482 urorum
1560 440 1739 497 (delegit,
1760 454 1870 495 quo·
1907 456 1912 484 1v

426 510 520 538 rum
552 498 604 538 ad
640 496 823 537 formam
855 495 1164 552 acciperentur.
1218 495 1269 537 Id
1293 497 1386 538 aliis
1417 511 1589 553 quoque
1617 499 1869 540 nationibus
1906 498 1911 550 ξ

424 554 622 604 arduum,
651 553 765 609 apud
790 552 1031 594 Germanos
1059 553 1277 595 difficilius
1300 555 1578 606 tolerabatur,
1598 555 1694 610 quis
1714 555 1868 612 ingen·
1906 560 1916 590 i·

426 611 533 652 tium
569 610 804 652 belluarum
835 609 995 651 feraces
1027 610 1173 662 saltus,
1193 612 1363 653 modica
1392 612 1510 654 domi
1541 621 1734 654 armenta
1753 622 1867 655 sunt.
1907 636 1915 659 -,

426 668 492 710 Ac
516 667 654 724 primo
684 668 815 709 boves
835 667 966 724 ipsos»,
989 683 1092 709 mox
1114 683 1254 725 agros,
1275 679 1493 726 postremo
1511 683 1694 725 corpora
1713 669 1866 725 conju-

426 740 531 781 gum
550 734 624 766 aut
645 724 894 777 liberorum,
917 726 1092 766 servitio
1117 726 1355 768 tradebant.
1390 727 1508 768 Hinc
1523 727 1585 768 ira
1605 737 1648 768 et
1666 737 1867 782 questus:
1910 743 1915 779 ’ς

425 792 484 834 et,
508 791 735 839 postquam
772 797 857 823 non
894 783 1192 836 subveniebat,
1216 785 1450 826 remedium
1483 799 1538 825 ex
1572 783 1708 826 bello:
1739 784 1868 841 rapti,
1917 834 1920 839 .

426 840 501 895 qui
533 840 695 882 tributo
721 839 911 891 aderaut,
944 840 1101 882 milites
1133 851 1176 883 et
1209 842 1403 897 patibulo
1435 841 1585 883 adfixi.
1657 840 1869 884 Olennius
1903 840 1924 897 Ξ

426 897 617 939 infensos
649 898 754 954 fuga
791 898 1015 953 praevenit‚
1046 908 1242 955 receptus
1272 899 1462 950 castello,
1493 899 1562 940 cui
1593 913 1750 940 nornen
1774 898 1869 941 Fle-

425 970 546 997 vum:
576 964 621 997 et
651 955 763 997 haud
796 956 1035 1011 spernenda
1064 955 1150 996 illic
1180 956 1342 997 civium
1383 956 1683 1012 sociorumque
1717 971 1870 999 manus
1914 989 1924 1013 ,¹

358 1014 413 1055 73
427 1012 553 1055 litora
589 1012 752 1055 Oceani
777 1012 1050 1069 praesidebat.
1111 1012 1241 1059 Quod
1264 1014 1338 1054 ubi
1363 1013 1412 1054 L.
1433 1012 1631 1070 Apronio
1652 1013 1868 1056 inferioris
1913 1015 1924 1063 Ξ

427 1070 674 1112 Germaniae
711 1070 974 1127 Propraetori
1006 1070 1246 1125 cognitum,
1273 1071 1430 1112 vexilla
1458 1071 1677 1128 legionum
1698 1085 1723 1112 e
1742 1085 1870 1129 supe·
1916 1065 1924 1074 ’“

425 1129 538 1170 riore
569 1127 806 1185 provincia,
839 1127 1118 1183 peditumque
1146 1136 1191 1168 et
1219 1129 1412 1184 equitum
1443 1128 1716 1170 auxiliarium
1754 1129 1869 1171 dele·
1919 1130 1924 1182 vj

425 1195 535 1237 ctOS,
565 1185 748 1227 accivit:
781 1200 831 1226 ac
861 1184 989 1226 simul
1020 1196 1247 1240 utrumque
1277 1186 1515 1228 exercitum
1549 1185 1705 1228 Rheno
1740 1185 1870 1228 deve·

425 1252 561 1295 ctum,
590 1243 737 1284 Frisiis
773 1242 944 1294 intulit3
975 1242 1115 1284 soluto
1141 1242 1235 1298 jam
1263 1243 1424 1285 castelli
1447 1243 1632 1295 obsidio,
1651 1252 1695 1285 et
1715 1242 1768 1285 ad
1790 1258 1870 1286 sua
1914 1280 1918 1285 <

426 1301 609 1343 tutanda
642 1301 844 1357 digressis
883 1300 1127 1342 rebellibus.
1191 1299 1332 1357 Igitur
1353 1302 1549 1358 proxima
1571 1300 1771 1343 aestuaria
1791 1315 1870 1358 ag-

430 1358 605 1415 geribus
634 1367 679 1399 et
714 1358 933 1415 pontibuS,
966 1357 1230 1399 traducendo
1266 1359 1458 1415 graviori
1499 1357 1678 1415 agmini,
1713 1357 1872 1402 firmat.

429 1426 560 1471 atque
581 1416 768 1467 interim,
788 1415 966 1471 repertis
997 1415 1130 1468 vadis,
1161 1415 1270 1457 alam
1303 1415 1649 1467 Canninefatem,
1678 1426 1723 1457 et
1751 1416 1870 1472 quod

427 1473 627 1530 pediturn
657 1473 974 1516 Germanorum
1012 1473 1124 1515 inter
1153 1483 1322 1516 nostros
1352 1473 1558 1526 merebat,
1579 1469 1869 1531 circunigredi

1172 1587 1295 1619 Utrum
1307 1587 1443 1620 Tacitus
1457 1587 1581 1619 dederit
1593 1587 1797 1619 subveniebat
1808 1595 1870 1618 nec

1170 1636 1226 1668 ne,
1243 1640 1301 1670 pro
1316 1638 1406 1662 certo
1421 1640 1488 1662 non
1506 1630 1654 1662 dixerim.
1698 1630 1785 1660 ERN.

427 1589 604 1628 imperium
621 1588 778 1629 jube-rent
803 1588 891 1619 dari.
936 1587 1062 1619 Contra
1084 1588 1129 1618 ibi

426 1633 479 1667 42,
491 1633 542 1663 98.
553 1630 741 1673 cuijussum
750 1636 824 1662 erat
833 1639 955 1665 creare,
966 1635 998 1660 et
1010 1640 1061 1671 ap.
1072 1640 1129 1661 no-

426 1677 533 1704 strum
553 1676 602 1710 13,
620 1676 668 1705 15.
682 1674 880 1706 Britannico
884 1672 1004 1714 jussit,
1016 1682 1130 1704 eoesur-

425 1720 530 1755 geret.
539 1722 575 1747 et
589 1717 767 1756 40.quibus
773 1715 936 1756 jusserat,
951 1719 988 1746 ut
1002 1716 1129 1746 resiste-

426 1763 514 1790 rent.
527 1759 580 1789 Sic
586 1764 620 1789 et
630 1760 782 1790 temulari
792 1767 885 1798 quem
893 1765 926 1789 et
937 1758 990 1788 cui
1000 1757 1130 1790 dicitur.

471 1801 515 1831 In
528 1811 607 1832 usus
621 1802 795 1842 militares]
827 1801 954 1841 Nempe
970 1799 1010 1831 ad
1023 1806 1129 1838 scuta,

427 1843 470 1874 ad
492 1843 638 1875 tentoria
659 1843 817 1879 militum,
833 1844 933 1873 etiam
950 1843 990 1873 ad
1005 1842 1129 1874 machi-

428 1895 547 1919 narum
563 1891 728 1926 paratum.
772 1885 886 1917 Simile
900 1885 1064 1915 tributum
1093 1886 1128 1915 in

427 1927 593 1968 Bosporo,
608 1934 756 1969 tempore
777 1928 1042 1958 Graecanicorum
1063 1926 1129 1957 Irn-

427 1976 633 2011 pecatorum,
650 1980 785 2011 pensum
797 1969 962 2002 Cedrenus
978 1969 1074 1999 docet
1089 1969 1129 1999 ad

428 2022 460 2043 a.
477 2013 515 2044 C.
531 2015 603 2047 527.
617 2019 651 2044 et
667 2012 810 2054 appellat
827 2012 881 2045 τὰς
896 2011 1059 2045 συντελείας
1074 2011 1131 2042 τῆν

429 2055 512 2092 βοόν.
541 2055 640 2087 Addit
656 2061 766 2087 autem
788 2056 896 2095 (quam
914 2065 986 2086 vere
1003 2054 1126 2093 nescio)

429 2098 574 2138 Bosporo
587 2098 662 2129 inde
675 2107 789 2128 nomen
803 2107 877 2128 esse.
897 2095 958 2128 eiu-B
973 2098 1026 2128 τοῦ
1038 2099 1132 2128 τελῶ

426 2140 575 2180 Ῥωμαίοις
597 2142 667 2171 κατ’
690 2139 752 2174 ἵει-ος
774 2141 841 2171 ἀντὶ
860 2153 888 2180 χ
907 2141 1026 2180 »ψάφων
1045 2140 1129 2177 βίαις.

429 2183 522 2223 Lego
543 2190 578 2214 et
601 2194 694 2224 equos
721 2184 812 2214 datos
835 2193 856 2213 (ι
907 2184 1067 2219 ulmam,
1094 2184 1130 2213 in

429 2226 577 2256 tributo:
601 2226 697 2266 idque
713 2225 819 2256 medio
834 2231 868 2256 et
884 2226 1035 2258 inferiore
1050 2236 1129 2257 aevo.

429 2266 521 2300 Lirs.
556 2267 645 2299 Adde
659 2268 699 2299 de
714 2267 785 2298 Mil.
801 2271 830 2303 5,
847 2271 876 2299 5.
917 2268 1005 2300 Eun.

473 2311 511 2342 E
529 2309 805 2352 primipilaribus]
831 2311 897 2341 1nt.
919 2311 1131 2342 Centurioni-

429 2352 508 2384 bus:
537 2363 677 2393 quorum
703 2361 828 2392 quanta
849 2353 992 2393 dignitas
1019 2354 1130 2392 fuerit,

417 2396 469 2425 'ex
485 2395 517 2426 h.
536 2396 558 2427 l.
576 2395 671 2427 facile
692 2395 902 2434 intelligitur,
920 2402 991 2426 tum
1007 2406 1044 2426 ex
1059 2396 1130 2427 aliis

427 2437 537 2469 Taciti
552 2443 585 2469 et
602 2438 750 2469 Suetonii
773 2442 837 2468 etc.
877 2438 959 2469 Vide
981 2438 1130 2479 Lipsium

428 2478 452 2511 1.
468 2490 496 2509 c.
511 2483 543 2517 2,
560 2483 592 2511 8.
630 2480 716 2511 Ean.

471 2521 604 2553 Modica
629 2522 718 2554 domi
745 2521 912 2562 armenta]
948 2522 1053 2554 Aliter
1079 2527 1130 2554 est

428 2569 542 2594 nostro
557 2574 640 2601 teve,
654 2570 688 2596 et
700 2565 861 2596 eminent.
894 2565 983 2595 Lips.

470 2605 533 2643 Et,
544 2611 718 2647 postquam
735 2616 799 2637 non
820 2605 1040 2647 subveniebat]
1066 2606 1128 2638 Le-

395 2671 399 2683 .
416 2647 588 2688 ⁴gendum,
618 2650 888 2680 subveniebatur:
927 2655 999 2687 aut,
1036 2659 1130 2680 nemo

427 2690 644 2722 subveniebat.
672 2691 765 2723 Ln’s.
809 2691 862 2723 Sic
882 2695 916 2723 et
938 2691 1129 2728 Rhenanus,

429 2730 583 2774 Muretus
596 2738 630 2763 et
646 2732 713 2764 alii.
739 2737 905 2773 receptum
923 2733 1038 2764 deinde
1054 2735 1127 2764 sub-

427 2774 618 2806 v'em'ebatur
630 2785 650 2806 a
664 2775 807 2806 pichena
821 2779 855 2806 et
868 2775 952 2806 aliis.
996 2776 1127 2807 Servavi

428 2816 605 2848 lectionem
621 2816 694 2848 MS.
707 2817 870 2854 Beroahli,
887 2818 1019 2854 Alciati,
1041 2818 1128 2849 Rhe·

429 2860 523 2895 nani,
538 2859 612 2890 Atdi
631 2866 695 2890 etc.
719 2870 793 2890 cum
809 2859 843 2891 «l.
858 2860 1037 2896 Gronovio‚
1053 2860 1130 2899 quia

429 2900 583 2942 explicari
604 2906 735 2943 potest,
762 2901 932 2934 intellecto
964 2903 1132 2934 Olennius.

1214 1674 1284 1713 ,Qui
1299 1674 1419 1704 tributo
1432 1672 1586 1713 aderant]
1607 1672 1674 1704 int.
1689 1671 1867 1712 exigendo:

1172 1725 1312 1754 quorum
1329 1725 1437 1755 opera,
1459 1717 1501 1752 vi,
1522 1715 1686 1746 tributum
1700 1715 1872 1746 exerceba-

1172 1763 1241 1789 tur.
1284 1758 1401 1789 Adesse
1423 1759 1515 1790 Livio
1528 1761 1563 1789 et
1578 1757 1735 1788 Sallustio
1755 1757 1871 1797 exqui-
1902 1784 1909 1800 st,

1171 1800 1234 1830 site
1256 1799 1377 1832 dicitur
1398 1802 1432 1832 in
1455 1800 1650 1832 deteriorem
1673 1802 1814 1839 partem,
1830 1802 1870 1831 ut
1914 1828 1918 1836 „f

1171 1843 1249 1878 vim,
1272 1843 1397 1880 odium,
1419 1843 1587 1879 ferociam,
1601 1841 1760 1872 sevitiam
1782 1841 1869 1873 indi·
1910 1865 1916 1877 ,,

1171 1890 1234 1921 cet,
1248 1884 1335 1924 quod
1350 1885 1426 1916 huic
1441 1886 1513 1916 loco
1527 1884 1620 1917 valde
1642 1888 1769 1924 aptum.
1788 1883 1870 1916 Sall.

1170 1926 1248 1966 aug.
1269 1930 1323 1958 50.
1344 1927 1463 1968 infensi
1485 1928 1594 1958 adesse
1614 1931 1712 1967 atque
1731 1925 1870 1959 instare.
1922 1955 1924 1966 ,

1171 1969 1226 1999 ubi
1243 1980 1272 2000 v.
1289 1969 1433 2000 Cottius.
1490 1971 1523 2001 Si
1545 1969 1616 2009 quis
1637 1973 1750 2000 tamen
1774 1968 1871 2000 malit
1891 1966 1915 2009 '2

1172 2011 1366 2052 simpliciter
1401 2022 1516 2053 capere
1542 2021 1602 2052 pro
1626 2010 1800 2053 adjuvare-,¹
1830 2014 1870 2043 ut
1890 2029 1915 2051 a>

1177 2055 1226 2092 12,
1243 2057 1269 2085 1.
1278 2052 1436 2094 fautores
1457 2055 1610 2092 aderant,
1624 2062 1692 2084 non
1715 2053 1807 2084 valde
1821 2062 1871 2084 re-
1891 2050 1915 2097 2342

1174 2106 1328 2137 pugnem.
1351 2097 1406 2127 sed
1422 2096 1504 2128 illud
1518 2095 1645 2128 melius.
1658 2094 1771 2127 Livius
1784 2103 1871 2136 saepe
1888 2094 1914 2150 {A

1173 2139 1282 2170 adesse
1311 2139 1424 2179 jungit
1458 2139 1568 2170 dativo
1602 2138 1662 2175 rei,
1698 2138 1872 2179 posteriori

1172 2190 1280 2212 sensu.
1292 2190 1323 2212 v.
1340 2181 1510 2212 Drakenb.
1521 2181 1562 2212 ad
1576 2180 1609 2217 6,
1623 2182 1676 2212 38.
1719 2179 1806 2211 ERN.
1893 2187 1903 2220 j

1221 2224 1280 2255 Cui
1307 2233 1423 2254 nomen
1450 2223 1602 2263 Flevum]
1640 2221 1752 2253 Scribo
1780 2221 1872 2254 libris
1888 2222 1909 2254 *t

1175 2266 1300 2297 Histor.
1349 2266 1441 2297 Lirs.
1497 2264 1651 2296 Heinsius
1693 2263 1802 2302 Fleuo,
1829 2267 1911 2300 exig

1173 2319 1262 2339 more
1279 2309 1395 2345 nostri,
1412 2313 1449 2339 ut
1465 2311 1498 2344 3,
1513 2311 1565 2340 28.
1589 2310 1620 2344 5,
1639 2310 1668 2338 1.
1686 2309 1736 2343 13,
1757 2309 1803 2337 12.
1821 2308 1875 2344 15‚:

1172 2354 1223 2384 37.
1250 2351 1313 2382 Sed
1332 2354 1362 2382 ll
1371 2373 1381 2389 ‚
1392 2354 1423 2382 4.
1437 2351 1550 2392 quibus
1561 2349 1669 2382 Petra
1679 2351 1909 2394 cognomenta-¹13¹-

1173 2398 1260 2425 tum·
1851 2413 1854 2416 -
1871 2414 1878 2422 ,»
1900 2407 1907 2430 .'

1221 2436 1407 2468 Germanioe
1421 2433 1636 2474 Proproetori]
1653 2432 1725 2464 MS.
1734 2429 1889 2470 Beroal·'

1172 2478 1273 2509 duset
1289 2478 1436 2509 Aiciatus
1451 2477 1665 2518 Pnoproetm.
1697 2476 1774 2507 Post
1801 2479 1819 2492 ”
1843 2492 1847 2502 ι
1871 2488 1892 2499 ·’

1166 2521 1303 2562 praetori
1338 2520 1462 2550 editum
1494 2521 1536 2550 ab
1571 2519 1744 2556 Rhenano,
1772 2517 1847 2550 At·
1898 2548 1905 2554 Ἴ,

1174 2563 1381 2603 Ρνορναίονε
1403 2562 1548 2602 reposuit
1568 2562 1601 2594 J.
1632 2562 1736 2593 Grou.
1758 2559 1816 2592 sed
1835 2562 1870 2602 vs

1172 2605 1213 2636 ad
1227 2607 1260 2643 2,
1276 2608 1326 2636 52.
1365 2604 1451 2635 Eim.
1494 2603 1602 2636 Rben.
1621 2606 1712 2638 1519.
1725 2606 1867 2644 propr'ss.
1895 2602 1903 2621 ³*

1172 2652 1251 2678 tore.
1271 2647 1571 2688 1544.pr0proet0ri.
1631 2660 1635 2662 -
1858 2655 1862 2669 -·
1899 2650 1906 2676 “,

1217 2690 1346 2720 marma
1361 2689 1444 2728 leg]
1469 2688 1510 2719 V.
1523 2687 1564 2719 ad
1581 2690 1612 2725 1,
1623 2689 1676 2719 38.
1721 2686 1810 2719 ERN.
1849 2694 1864 2722 j

1213 2732 1310 2763 Alam
1330 2729 1592 2771 Canninefatem]
1625 2729 1729 2770 Cujus
1742 2738 1819 2761 men
1844 2747 1846 2749 -

1169 2773 1327 2806 Vulsiniis
1342 2774 1375 2804 in
1392 2773 1498 2814 lapide
1511 2774 1576 2812 (ap.
1586 2771 1682 2802 Grut.
1693 2782 1725 2813 p.
1734 2773 1808 2809 385,
1819 2773 1847 2802 1.

1171 2824 1292 2847 ruane.
1308 2822 1473 2851 ιερνιτνΜ.
1496 2823 1597 2854 azan.
1621 2822 1764 2846 emman.
1785 2821 1829 2845 cA
1849 2825 1883 2851 q:

1164 2866 1391 2890 'NANnrAi-vm.
1415 2857 1504 2887 Lies.
1536 2857 1588 2887 Sic
1600 2857 1752 2889 scribitur
1764 2856 1821 2889 et’

1177 2904 1228 2940 11,
1247 2904 1295 2932 18.
1311 2900 1344 2932 in
1359 2899 1409 2932 ed.
1425 2909 1474 2941 pr.
1519 2899 1606 2931 ERN.
