1956 3250
368 136 456 191 xlii
833 135 1289 186 P‘RAEFATIO.

369 285 480 319 sere
501 285 514 317 :
549 269 687 334 quod
709 285 801 317 nos
825 269 878 317 in
901 275 1073 318 nostra
1095 268 1320 317 editione
1346 267 1671 317 correximus.
1708 267 1859 320 Nam·

366 346 561 411 aliquot
594 346 812 405 notuIaS,
836 362 950 411 quae
983 347 1038 394 in
1073 352 1217 395 sexta
1240 352 1426 404 essent,
1450 345 1844 397 desideravimus

366 424 421 472 in
459 426 540 474 ed.
576 432 650 490 pr.
687 423 734 473 J.
773 424 853 472 Fr.
892 423 1161 481 Gronovii,
1194 423 1334 471 unde
1370 430 1592 472 nostram
1622 424 1844 490 zexprimi

367 502 667 552 curavimus.
729 501 798 550 H.
826 501 871 560 I,
896 509 942 548 2.
968 501 1021 548 in
1047 501 1161 550 edd.
1189 499 1351 549 Gron.
1377 501 1443 549 ad
1472 501 1628 550 verba
1657 502 1768 551 odio
1799 508 1852 550 et

365 588 554 629 terrore
592 587 668 629 est
705 578 895 645 duplex
933 586 1056 627 nota
1089 577 1289 644 -Lipsiit
1327 594 1420 627 nos
1455 594 1484 627 e
1520 586 1665 628 sexta
1698 584 1844 644 repo-

365 659 569 706 suimus.
609 655 710 704 111.
738 664 866 705 extr.
892 664 1084 706 temere
1109 656 1291 705 omissa
1314 663 1392 705 est
1414 654 1591 707 notula
1614 656 1767 721 etiam
1789 656 1843 705 in

365 742 508 786 sexta
542 734 679 799 Lips.
707 750 856 798 quam
902 749 995 782 nos
1031 749 1059 782 e
1095 733 1245 783 tertia
1279 733 1608 783 restituimus.
1681 733 1842 784 Usum

363 828 472 861 esse
518 810 749 876 Lipsium
797 811 1058 862 codicibus
1103 810 1365 859 Vaticanis
1412 819 1465 861 et
1515 810 1843 871 Farnesian0,

364 897 483 939 ante
511 890 726 948 dictum,
749 889 872 939 item
905 888 1158 954 excerptis
1194 905 1223 938 e
1256 890 1370 938 cod.
1398 888 1671 955 Agricolae.
1710 889 1843 939 Con·

364 965 520 1016 suluit
543 974 596 1016 et
619 966 869 1016 editiones
893 973 1110 1025 vetereS,
1135 967 1224 1015 sed
1257 982 1361 1016 non
1394 983 1570 1016 omnes
1593 967 1656 1015 ab
1679 967 1842 1016 initio.

362 1044 497 1093 Nam
521 1045 573 1092 in
599 1043 836 1094 editionis
871 1043 1047 1110 primae
1080 1043 1376 1109 praefatione
1413 1061 1565 1093 unam
1589 1044 1841 1094 Venetam

362 1139 393 1172 e
417 1122 602 1172 saeculo
626 1122 1009 1187 quintodecimo
1035 1129 1416 1181 commemorat,
1439 1138 1590 1186 quam
1615 1122 1728 1181 sibi,
1751 1121 1841 1181 ait,

360 1216 456 1266 pro
488 1200 618 1249 libro
653 1200 843 1265 scripto
877 1199 1047 1248 fuisse.
1119 1199 1182 1247 In
1218 1199 1546 1263 sequentibus
1580 1199 1839 1266 paullatim

360 1287 417 1327 et
450 1278 568 1326 alias
605 1277 878 1336 consuluit,
902 1284 960 1326 ut
997 1277 1279 1326 Romanam
1313 1293 1463 1342 quam
1494 1285 1662 1336 vocat,
1685 1277 1740 1326 id
1763 1285 1841 1327 est

362 1355 628 1421 Spirensis,
651 1355 903 1405 Venetam
928 1354 1134 1404 alteram
1169 1354 1325 1414 Rivii,
1349 1355 1722 1415 Beroaldinam,
1747 1356 1840 1404 Ba-

362 1433 627 1483 sileensem
666 1432 921 1491 Rhenani,
947 1440 999 1480 et
1029 1431 1372 1494 Florentinam
1409 1432 1661 1482 Pichenae.
1733 1433 1839 1499 Spi-

361 1510 521 1560 rensis
561 1509 780 1576 exempli
823 1518 1065 1575 excerpta
1109 1517 1325 1569 tantum,
1361 1527 1457 1560 nec
1498 1527 1559 1560 ea
1603 1519 1839 1560 accurata

361 1588 613 1646 habuisse,
636 1588 697 1636 iis
722 1587 965 1652 exemplis
988 1587 1226 1636 inductus
1252 1590 1425 1647 cred0,
1450 1588 1630 1653 quibus
1661 1588 1836 1640 lectio-

363 1682 452 1715 nes
492 1665 702 1731 profert,
723 1657 851 1730 'quae
886 1665 938 1712 in
976 1681 1035 1713 ea
1068 1681 1171 1729 non
1212 1666 1545 1730 reperiuntur.
1625 1666 1837 1732 Aliquot

363 1743 638 1808 specimina
676 1742 920 1807 posuisse,
957 1744 1059 1790 n‘on
1101 1742 1318 1791 alienum
1344 1742 1532 1803 fuerit,
1569 1761 1729 1809 eaque
1769 1761 1834 1794 ex

363 1837 466 1869 uno
488 1820 618 1874 libro
646 1820 778 1872 Hist.
806 1820 903 1879 IV,
929 1829 1006 1868 33.
1037 1829 1113 1868 35.
1142 1827 1220 1868 65.
1249 1829 1375 1870 extr.
1404 1830 1482 1874 78.
1506 1817 1632 1871 extr.
1655 1824 1836 1887 quibus

359 1898 484 1947 locis
507 1887 741 1947 videndae
765 1905 899 1946 notae
924 1906 1121 1946 nostrae.
1194 1898 1361 1947 Etiam
1386 1898 1636 1948 Gruterus
1660 1902 1723 1949 ad
1762 1900 1841 1948 H..

361 1974 436 2032 11,
474 1981 552 2022 63.
590 1991 654 2024 ex
697 1975 918 2023 editione
969 1975 1118 2023 Rom.
1160 1975 1334 2024 laudat
1377 1976 1502 2025 falso
1549 1978 1701 2026 tenuit
1740 1994 1835 2044 pro

359 2052 561 2099 terruit:
601 2053 689 2099 sed
724 2051 775 2098 in
814 2051 911 2098 hoc
947 2050 1108 2100 facilis
1142 2052 1391 2101 aberratio
1421 2053 1682 2102 oculorum
1716 2053 1834 2114 fuit,

359 2144 460 2177 non
508 2128 579 2180 ita
617 2129 669 2175 in
707 2129 785 2186 iis,
822 2145 934 2192 quae
974 2136 1091 2177 ante
1131 2129 1408 2194 posuimuS,
1443 2129 1588 2189 locis,
1623 2130 1833 2196 aliisque

356 2205 597 2271 pluribus.
668 2205 903 2259 Vicissim
938 2205 1163 2270 pluribus
1192 2206 1317 2254 locis
1342 2207 1387 2255 ei
1418 2207 1572 2256 lectio
1596 2207 1834 2257 editionis

356 2283 531 2348 primae
565 2283 741 2347 ignota
771 2282 882 2331 fuit.
954 2282 1086 2331 Nam
1121 2299 1214 2348 pro
1239 2283 1532 2349 conjectura
1561 2300 1650 2333 sua
1680 2285 1832 2335 inter-

356 2361 477 2408 dum
513 2359 693 2418 adfert,
729 2361 867 2425 quod
903 2367 979 2408 est
1017 2361 1076 2407 in.
1116 2359 1201 2408 illa
1235 2361 1474 2410 editione.
1546 2361 1681 2411 Vide
1713 2379 1757 2413 e.-
1783 2379 1830 2412 c.

355 2443 500 2484 notas
546 2443 738 2484 nostras
779 2437 842 2484 ad
884 2436 949 2484 A.
993 2436 1114 2496 XV,
1139 2446 1218 2484 23.
1260 2438 1312 2485 in
1358 2455 1485 2487 voce
1521 2440 1710 2489 Atticoe.
1749 2448 1828 2489 30.

345 2520 559 2577 postero.
598 2522 675 2562 33.
702 2514 928 2577 incipere,
952 2530 1110 2563 ausus.
1133 2522 1231 2563 etc.
1303 2515 1399 2564 Per
1422 2517 1698 2567 vanitatem
1721 2518 1829 2583 qui-

354 2591 470 2638 dem
509 2605 624 2638 eum
663 2590 825 2639 aliena
863 2607 955 2656 pro
993 2591 1092 2639 suis
1128 2592 1432 2651 venditasse,
1456 2609 1559 2642 non
1595 2601 1673 2643 est
1705 2610 1828 2644 vero

354 2665 530 2714 simile.
601 2666 759 2731 Cujus
793 2668 1029 2717 editionis
1062 2674 1261 2716 textum
1297 2678 1412 2718 ante
1438 2669 1612 2719 oculos
1641 2670 1828 2721 habue-

353 2742 419 2791 rit
452 2741 672 2809 Lipsius,
708 2759 822 2792 cum
860 2744 1102 2801 scriberet
1136 2753 1299 2804 notaS‚
1331 2746 1596 2812 praelisque
1631 2762 1828 2798 accom-

353 2820 589 2879 modarit,
634 2821 861 2870 nondum
916 2822 1059 2883 potui
1105 2822 1339 2887 reperire.
1419 2823 1670 2890 Vulgatus
1714 2833 1822 2874 tum
