1956 3250
607 168 1059 220 PRAEFATIO.
1460 169 1531 219 lxi

82 305 479 398 emendatissime
503 304 837 381 exhiberetur.
908 303 1088 369 Itaque
1123 318 1217 353 nec
1251 302 1415 369 piguit
1450 320 1530 354 me

269 383 514 450 inspicere
549 376 824 450 specimina
856 381 1236 449 typographica,
1261 388 1312 431 et
1333 389 1533 431 textum

11 450 14 452 v
74 460 277 534 guidem
299 469 461 512 totum
486 478 634 528 quam
665 460 1042 527 diligentissime
1064 459 1338 527 perlegere.
1411 459 1527 518 Qua

6 558 15 602 ᾗ
75 557 196 606 cura
235 541 487 591 effecimus
525 540 630 607 jam
665 541 716 588 in
750 539 910 606 prima
954 539 1194 600 editione,
1239 547 1297 589 ut
1340 540 1528 606 oppido

11 622 13 625 ’
74 637 235 687 pauca
268 621 331 670 ab
365 620 528 687 operis
560 627 770 686 peccata
803 618 1149 678 remanserint,
1174 635 1286 684 quae
1309 618 1362 667 in
1387 618 1526 670 calce

73 700 238 766 operis
270 708 377 749 turn
412 706 600 758 notata,
635 714 770 747 nunc
806 706 857 747 et
890 698 997 763 ipsa
1030 697 1223 746 sublata
1257 705 1387 747 sunt.
1460 697 1523 747 In

75 780 207 829 notis
239 777 503 845 Lipsianis,
537 794 658 843 quas
692 777 786 842 ipsi
820 793 923 825 non
957 792 1351 837 correxeramuS,
1379 775 1524 844 plura

4 887 12 906 ,-
73 865 232 917 erant,
273 857 546 923 praesertim
589 857 642 904 in
678 855 890 915 Graecis,
933 862 1075 921 parte
1121 855 1326 922 quidem
1365 856 1518 922 priori

70 934 262 1002 operis:
296 951 412 984 nam
445 936 787 984 animadversa
818 950 891 995 re,
926 933 1110 984 Graeca
1142 933 1236 1000 ipsi
1270 934 1518 1001 inspicere

8 1030 11 1031 ’
73 1030 401 1081 coeperamus:
439 1015 527 1064 sed
552 1022 603 1064 et
625 1013 703 1063 hae
727 1030 862 1063 nunc
887 1012 1251 1064 emendatiores
1269 1015 1520 1080 reperien-

69 1102 166 1143 tur.

123 1184 218 1223 Non
233 1192 361 1223 tamen
379 1184 619 1223 dissimulare
634 1184 741 1229 licet,
757 1183 861 1236 quod
880 1189 919 1221 et
933 1183 1156 1233 Bipontinis
1173 1183 1332 1235 aliisque
1343 1183 1520 1224 observa·

70 1255 172 1295 tum,
187 1251 321 1289 multis
331 1250 492 1292 mendis,
512 1250 755 1301 potissimum
770 1250 812 1288 in
829 1249 933 1287 notis
949 1249 1256 1287 contaminatam
1271 1262 1353 1288 esse
1364 1249 1523 1291 Ernesti

70 1315 284 1353 editionem
309 1315 535 1358 secundam,
562 1316 604 1353 in
632 1315 777 1352 Graecis
805 1314 1033 1365 praeprimis,
1064 1327 1150 1365 quae
1175 1325 1282 1353 nunc
1306 1315 1521 1365 plurimum

70 1386 253 1420 correcta.
298 1380 509 1431 Aliquoties
535 1380 705 1431 integras
733 1379 854 1417 lineas
877 1379 1035 1417 omissas
1061 1379 1312 1430 deprehendi,
1334 1384 1382 1418 ut
1397 1381 1446 1419 ad
1466 1380 1521 1419 H.

69 1442 140 1490 IV,
155 1447 220 1483 28.
247 1444 295 1490 V,
315 1448 373 1483 10.
400 1444 533 1482 Germ.
546 1455 579 1482 c.
594 1448 632 1486 7.
683 1443 811 1482 Immo
827 1445 867 1482 in
886 1447 980 1482 nota
995 1443 1044 1482 ad
1060 1443 1112 1481 H.
1129 1445 1183 1490 ll,
1198 1449 1236 1482 4.
1263 1443 1523 1484 Freinshemii

66 1509 283 1548 ‘observatio
305 1509 485 1559 neglecta
500 1520 656 1547 sensum
675 1507 843 1547 turbavit
861 1519 963 1547 nexu
983 1508 1148 1547 sublato.
1193 1509 1241 1547 ln
1261 1510 1432 1549 numeris
1445 1510 1521 1548 fre·

68 1580 232 1627 quenter
256 1581 454 1626 peccatum
473 1579 546 1619 est,
564 1573 667 1625 quod
695 1586 742 1612 ex
767 1573 995 1612 confusione
1022 1574 1225 1625 signorum
1253 1573 1522 1614 Romanorum

27 1646 30 1652 “
67 1646 107 1680 et
126 1640 342 1691 vulgarium
361 1646 505 1677 ortum.
532 1639 596 1677 Sic
611 1638 772 1677 confusa
790 1642 837 1676 ll
856 1647 896 1676 et
914 1642 939 1677 2
957 1638 1006 1676 ad
1025 1640 1072 1676 A.
1094 1638 1147 1685 11,
1163 1642 1228 1678 48.
1256 1638 1367 1687 XIV,
1379 1643 1430 1678 25
1445 1645 1521 1679 etc.

67 1705 221 1743 Littera
237 1705 266 1750 1,
280 1703 348 1742 ubi
367 1705 444 1754 lege
461 1702 654 1754 signabat,
672 1712 955 1755 nonnunquam
978 1703 1131 1742 reddita
1153 1708 1212 1742 est
1236 1715 1305 1754 per
1323 1704 1429 1742 libro.
1474 1704 1523 1743 V.

67 1769 116 1807 ad
133 1770 180 1807 A.
200 1769 250 1814 ll,
271 1772 333 1806 48.
372 1767 446 1813 ΙΙΙ,
465 1772 512 1808 19
530 1774 603 1807 etc.
632 1768 805 1806 Nomina
822 1768 982 1819 propria
1001 1768 1100 1806 male
1115 1769 1254 1820 posita,
1267 1775 1312 1807 ut
1325 1769 1375 1807 ad
1390 1767 1521 1816 A.V1‚

66 1836 104 1872 3.
131 1834 200 1872 ubi
230 1833 426 1871 Suetonius
448 1845 520 1883 pro
548 1833 702 1871 Sidonio
729 1834 884 1871 citatur.
929 1833 1002 1870 Est
1030 1838 1069 1870 et
1097 1833 1165 1871 ubi
1194 1833 1384 1873 Budensis
1403 1834 1527 1875 codex

66 1911 267 1951 perperam
281 1898 498 1950 ridle-gantur,
514 1902 558 1936 ut
575 1898 625 1936 ad
642 1899 687 1936 A.
705 1898 820 1944 XVI,
841 1903 878 1938 9.
907 1898 1002 1936 item
1019 1897 1088 1936 ubi
1103 1897 1332 1945 Rhenanus,
1346 1905 1390 1938 ut
1407 1899 1456 1938 ad
1470 1898 1526 1938 H.

63 1963 140 2010 ΠΙ,
153 1967 217 2003 22.
235 1969 280 2003 ut
291 1963 367 2002 alia
379 1965 546 2002 mittam.
592 1963 707 2002 Unde
732 1965 837 2001 norit
871 1963 1083 2005 Ernestius,
1101 1964 1143 2003 in
1160 1963 1334 2002 Budensi
1352 1965 1398 2002 A.
1411 1964 1524 2011 XlV,

67 2031 131 2067 53.
159 2028 238 2079 legi
251 2029 396 2078 meipse,
413 2039 492 2066 non
506 2028 615 2078 capio
626 2044 640 2075 ς
669 2028 883 2066 Rhenanus
900 2028 1040 2066 saltem
1059 2040 1139 2066 non
1159 2027 1407 2068 indicaverat.

133 2114 298 2165 Multa
330 2115 493 2166 adhuc
533 2124 740 2176 restant,
780 2117 844 2166 de
884 2116 1064 2182 quibus
1109 2116 1231 2178 dici,
1276 2117 1340 2167 de
1381 2133 1521 2169 more

17 2185 21 2189 ’
63 2194 376 2262 praefationes
420 2194 601 2245 talibus
643 2194 783 2244 libris
829 2195 1173 2256 scribentium,
1216 2197 1404 2263 possit:
1455 2198 1521 2250 de

63 2274 244 2324 Tacito
282 2275 409 2341 ipso,
433 2274 638 2340 ejusque
677 2273 833 2334 libris,
866 2291 966 2340 qua
1000 2275 1278 2335 materiam,
1302 2292 1401 2342 qua
1421 2275 1520 2326 for·

62 2370 208 2404 mam.
280 2354 378 2403 Sed
402 2353 476 2402 his
493 2353 630 2420 pleni
644 2352 750 2419 jam
775 2361 892 2404 sunt
915 2354 1223 2404 eruditorum
1246 2353 1377 2404 libri.

37 2483 42 2488 -
59 2458 66 2463 “
112 2454 174 2495 De
192 2456 327 2495 ordine
344 2453 490 2502 tamen,
511 2468 589 2508 quo
605 2456 749 2506 scripta
773 2455 900 2494 Taciti
918 2454 968 2494 ab
992 2456 1077 2507 ipso
1093 2461 1186 2494 sunt
1205 2455 1416 2503 elaborata,
1435 2468 1518 2498 non

56 2523 133 2561 erit
147 2522 385 2573 superfluum
412 2521 551 2559 addere
578 2534 711 2571 pauca.
766 2521 929 2571 Scripsit
954 2521 1134 2560 nondum
1161 2521 1520 2574 quinquagenarhu

55 2587 175 2625 vitam
187 2587 385 2637 Agriane,
401 2587 523 2625 soceri
539 2587 616 2631 sui,
631 2586 717 2624 vivo
733 2585 860 2625 adhuc
876 2585 1007 2624 Nerva
1029 2587 1134 2625 circa
1155 2598 1191 2624 a.
1213 2588 1257 2625 C.
1278 2591 1343 2631 97.
1370 2585 1517 2629 librum

57 2651 105 2691 de
126 2652 283 2691 moribus
306 2652 584 2695 Germanorum,
603 2651 772 2689 Consule
793 2649 846 2688 11.
869 2647 1054 2699 Traiano,
1074 2661 1181 2688 anno
1198 2657 1411 2703 sequente,
1441 2651 1518 2691 Hi-

56 2717 192 2755 storias
218 2714 268 2754 ab
290 2728 448 2755 excessu
474 2715 643 2754 Neronis
670 2714 720 2753 ad
746 2721 915 2754 mortem
945 2714 1181 2761 Domitiani,
1199 2715 1303 2754 Divo
1326 2715 1458 2756 Nerva
1475 2722 1517 2756 et

56 2780 274 2832 imperante
290 2778 479 2829 Trajano,
497 2793 519 2818 e
537 2779 675 2833 quibus
690 2784 861 2832 quatuor
886 2779 976 2818 libri
1001 2780 1150 2830 priores
1164 2786 1203 2819 et
1218 2781 1378 2832 quintus
1397 2782 1518 2821 muti·

56 2839 263 2885 humant
275 2862 286 2893 3
315 2845 474 2885 demum
493 2845 656 2883 Annales
678 2846 728 2885 ab
745 2856 903 2884 excessu
925 2846 1097 2896 Augusti
1128 2844 1180 2884 ad
1201 2845 1374 2887 Neronis
1395 2858 1517 2899 usque

58 2915 239 2954 nonem.
286 2910 436 2951 Eorum
455 2914 591 2950 extant
602 2909 694 2951 libri
710 2922 780 2951 sex
799 2911 916 2966 primi
933 2916 972 2948 et
985 2911 1144 2963 quintus
1160 2910 1322 2963 quidem
1338 2911 1517 2959 mutilus,
