1956 3250
602 137 1059 192 PRAEFATIO.
1424 145 1588 195 xxxiii

109 273 192 325 ille
216 274 400 333 codeX,
423 274 672 324 incertum
697 282 792 333 est,
815 289 880 322 an
901 281 1012 323 tum
1038 273 1145 339 jam
1178 272 1447 325 Florentiae
1477 276 1586 328 fue·

107 350 187 401 rit.
256 351 308 403 Si
329 351 444 410 fint,
469 351 591 417 quid
614 352 667 400 id
690 352 755 400 ad
779 350 1101 411 Beroaldum,
1125 351 1211 416 qui
1238 350 1417 402 Romae
1442 355 1584 404 erat?

106 427 372 493 Agebatur
401 429 499 478 hoc
532 436 748 487 tantum,
771 436 829 477 ut
861 427 976 478 libri
1011 429 1239 478 nondum
1263 429 1387 479 editi
1411 429 1583 497 vulga-

102 515 293 556 rentur.
364 505 544 572 Itaque
569 513 621 556 et
644 505 877 572 exempla
906 505 1208 556 Beroaldina
1242 508 1580 573 reperiuntur,

95 581 154 631 -in
177 584 360 649 quibus
382 592 579 633 tantum
610 583 723 633 libri
753 583 824 632 illi
855 581 1003 648 primi
1028 600 1056 634 e
1081 584 1261 634 codice
1283 583 1581 637 Corbeiensi

103 661 290 711 insunt.
361 662 531 712 Ceteri
575 660 729 726 igitur
773 660 932 710 additi
977 670 1095 710 sunt
1131 678 1195 710 ex
1233 662 1457 713 editione
1498 663 1578 713 Fr.

104 738 382 790 Puteolani.
454 738 610 804 Cujus
655 738 731 788 rei
773 739 1018 787 indicium
1055 738 1135 788 vel
1178 739 1280 789 hoc
1314 749 1410 800 est,
1441 742 1580 807 quod

100 817 230 867 libro
258 817 352 866 XI.
384 817 652 883 praeposita
683 824 760 865 est
798 815 1060 866 Puteolani
1101 817 1344 881 praefatio.
1394 818 1579 868 Planis-

100 895 224 944 sime
240 902 411 944 autem
433 894 531 944 hoc
551 911 630 944 me
650 894 826 943 docuit
850 902 1020 943 textus
1045 893 1263 943 Romani
1288 894 1442 959 ipsius
1462 913 1578 945 cum

100 972 303 1024 Veneto
326 974 649 1041 comparatio.
689 973 891 1022 Etenim
914 972 1037 1032 vidi,
1050 971 1176 1022 locis
1195 973 1384 1038 oppido
1405 974 1580 1039 paucis

99 1050 239 1100 illum
256 1051 318 1100 ab
337 1050 436 1100 hoe
450 1051 766 1116 discrepare:
795 1049 955 1099 sicubi
979 1049 1251 1116 discrepet,
1268 1050 1320 1098 id
1344 1059 1432 1099 aut
1455 1051 1579 1100 vitio

97 1144 383 1196 operarum,
405 1137 493 1178 aut
515 1128 813 1178 correctoris
848 1127 1115 1177 sedulitate
1151 1127 1362 1188 factum,
1385 1137 1442 1178 ut
1468 1128 1585 1179 fere

97 1206 285 1256 accidit
317 1206 370 1255 in
402 1207 635 1256 omnibus
670 1205 852 1255 talibus
884 1205 1023 1255 libris
1058 1205 1200 1270 (vide
1224 1222 1338 1271 quae
1366 1223 1487 1257 mox
1511 1210 1577 1258 de

98 1283 289 1334 Aldina
312 1284 536 1334 editione
550 1283 824 1346 dicentur).
874 1282 975 1333 Sed
1000 1281 1384 1334 Mediolanense
1408 1301 1580 1335 exem-

96 1361 236 1430 plum
260 1378 363 1412 non
385 1361 636 1421 habuisse,
658 1378 755 1410 nec
778 1361 943 1427 operis
968 1360 1576 1426 exprimendumdedisse

97 1438 419 1499 Beroaldum,
435 1456 587 1506 parva
606 1455 683 1488 res
700 1438 891 1488 indicio
907 1445 997 1488 est.
1045 1437 1178 1487 Nam
1203 1438 1255 1486 in
1279 1439 1575 1504 praefatione

98 1516 380 1578 Puteolani,
403 1533 552 1582 quam
589 1516 853 1582 repetitam
878 1532 985 1565 esse
1010 1515 1116 1564 dixi
1148 1516 1199 1563 in
1226 1516 1448 1566 editione
1482 1518 1576 1568 Be-

95 1593 338 1655 roaldina,
362 1595 496 1644 idem
522 1610 659 1644 error
681 1609 946 1661 operarum
971 1601 1066 1653 est,
1098 1594 1258 1644 Veteri
1288 1611 1380 1659 pro
1413 1596 1578 1645 Veneti

94 1672 501 1739 exprimentium,
525 1673 611 1737 qui
635 1672 687 1719 in
712 1670 910 1720 Veneta
931 1690 946 1731 ;
982 1688 1098 1720 cum
1123 1670 1173 1719 in
1202 1670 1572 1723 Mediolanensi

102 1750 266 1800 Veneti
281 1750 360 1799 sit.
409 1749 588 1815 Itaque
610 1749 793 1799 frustra
814 1748 863 1800 J.
883 1749 1176 1799 Gronovius
1199 1750 1424 1816 pluribus
1447 1752 1575 1802 locis

91 1828 233 1894 (vide
249 1845 297 1877 v·
319 1844 363 1877 c.
384 1829 448 1878 ad
471 1826 592 1887 XV,
616 1834 696 1877 64.
734 1826 886 1887 XVI,
915 1837 956 1875 1.
995 1826 1117 1887 XV,
1145 1838 1218 1876 11.
1244 1837 1351 1878 not.
1382 1838 1457 1879 10.
1483 1832 1571 1881 ubi

91 1905 216 1956 mire
238 1922 292 1957 se
320 1905 552 1973 expedit)
587 1903 816 1955 irascitur
851 1905 1121 1966 Beroald0,
1145 1906 1309 1967 aliter,
1332 1924 1482 1973 quam
1517 1910 1572 1959 in

91 1982 384 2034 Florentino
398 1984 575 2034 codice
595 1991 744 2043 esset,
760 1983 952 2043 edenti,
970 1984 1270 2050 quaeritque,
1288 1986 1374 2035 ubi
1395 1987 1571 2038 oculos

89 2060 334 2111 habuerit.
402 2060 602 2128 Nempe
636 2061 926 2127 longissime
951 2063 1014 2112 ab
1038 2062 1125 2113 illo
1149 2063 1329 2114 codice
1366 2064 1569 2116 Floren-

87 2138 215 2199 tino,
237 2153 452 2205 sequens
474 2155 630 2189 unum
655 2140 942 2206 exemplum
968 2155 1115 2213 syum
1138 2140 1411 2191 Venetum.
1467 2143 1567 2195 Sed

86 2230 201 2282 age,
223 2216 467 2284 exemplis
499 2216 692 2284 aliquot
724 2226 908 2283 proeter
931 2234 1008 2278 ea,
1033 2235 1147 2284 quae
1178 2228 1294 2269 ante
1327 2220 1566 2272 indicavi·

86 2308 215 2355 mus,
253 2294 448 2362 positiS,
482 2310 588 2345 rem
633 2293 833 2361 planam
877 2295 1134 2346 faciamus».
1195 2297 1261 2346 A.
1299 2298 1456 2359 XIII,
1488 2310 1562 2350 14.

82 2371 192 2422 init.
218 2379 271 2422 et
307 2370 376 2421 H.
403 2370 499 2433 IV,
524 2380 604 2421 21.
638 2371 749 2421 MS.
776 2368 907 2422 Ποῖ.
932 2374 1218 2423 arbitrium:
1258 2375 1371 2427 Ber.
1408 2380 1566 2444 priori

80 2449 198 2500 loeo
218 2449 488 2511 arbitrium,
505 2449 663 2501 altero
685 2451 939 2511 arbitrum,
963 2459 1020 2500 ut
1045 2451 1366 2504 Puteolanus.
1405 2454 1563 2517 XIII,

84 2535 169 2576 21.
190 2535 317 2578 extr.
341 2529 551 2578 verbum
578 2535 733 2578 mater
755 2529 899 2579 abest
934 2546 963 2578 a
1000 2529 1132 2585 Flor.
1158 2539 1234 2582 est
1269 2533 1403 2598 apud
1445 2534 1560 2586 Ber.

82 2605 169 2656 ubi
197 2604 246 2657 J.
271 2605 433 2656 Gron.
458 2605 647 2656 interim
669 2622 765 2656 vox·
786 2614 947 2657 mater
967 2623 1064 2656 non
1086 2609 1227 2661 estin
1249 2611 1561 2663 vetustissimo

80 2683 326 2746 Medic-eo,
338 2686 647 2750 undecunque
659 2700 762 2734 eam
776 2685 1049 2750 arripuerit
1059 2686 1359 2736 Beroaldus:
1376 2704 1561 2757 nempe

81 2777 110 2812 e
145 2759 457 2823 Puteolan03
492 2770 552 2812 ut
587 2778 631 2813 c.
658 2771 738 2812 25.
759 2762 1106 2827 gladiatorum,
1128 2781 1222 2831 pro
1240 2766 1559 2830 gladiatores,

81 2840 216 2904 quod
254 2848 331 2891 est
373 2839 427 2890 in
473 2839 605 2896 Flor.
639 2856 684 2891 c.
712 2849 790 2891 31.
826 2848 1116 2902 extruserat,
1150 2858 1243 2908 pro
1277 2852 1565 2895 extruxerat

147 2931 264 2966 νοτ..
285 2933 319 2967 1.
347 2933 392 2968 P.
420 2934 455 2967 1.
858 2935 885 2967 c
