1956 3250
402 143 510 193 xxii
912 145 1369 195 PRAEFAT-Io.

402 283 599 324 servatu
609 284 702 335 est,
712 276 1109 326 animadversum
1124 284 1177 325 et
1190 277 1242 324 in
1258 276 1363 324 aliis
1377 275 1533 333 libris,
1543 275 1679 338 quod
1696 270 1871 321 Omnes

400 352 573 418 scripti
595 345 726 412 libri,
752 370 779 402 e
803 350 983 416 quibus
1007 354 1130 402 editi
1153 353 1312 428 ducti,
1337 361 1423 401 aut
1454 352 1539 416 qui
1574 349 1637 399 ab
1664 348 1871 399 eruditis

396 428 611 494 inspecti
635 439 768 489 sunt,
793 447 854 479 ex
881 447 982 478 uno
1006 430 1183 479 codice
1208 445 1382 478 omnes
1405 429 1609 477 fluxere.
1665 425 1871 475 Monuit

397 506 461 553 de
487 522 548 554 eo
571 508 762 555 dudum
785 507 832 557 J.
860 507 938 554 F1.
965 500 1253 555 Gronovius
1278 507 1474 555 Observ.
1500 505 1560 552 L.
1594 504 1686 553 IV.
1711 520 1760 568 p.
1789 508 1867 549 30.

399 598 462 630 ex
486 582 602 631 loco
630 583 762 632 Hist.
791 583 864 642 ΙΙ,
891 590 969 632 98.
1006 584 1092 631 ubi
1124 586 1297 632 ornnes
1325 582 1469 630 MSS.
1495 581 1697 646 pariter,
1721 587 1872 643 atque

395 657 482 706 tali
508 661 659 707 modo
684 660 939 725 depravati
960 667 1092 718 sunt,
1110 667 1167 707 ut
1190 659 1473 723 planissime
1493 663 1745 723 appareat,
1760 669 1870 704 eam

392 736 799 799 depravationem
824 738 910 784 uni
947 737 1074 785 libro
1109 738 1297 785 deberi.
1369 736 1468 784 Sed
1492 736 1669 784 eadem
1692 749 1771 782 res
1793 732 1866 780 in-

391 807 634 875 telligitur
665 813 815 861 etiarn
847 830 911 862 ex
934 813 1040 861 aliis
1067 813 1210 870 lociS,
1234 813 1286 860 in
1310 813 1480 878 primis
1504 811 1582 870 iis,
1606 812 1658 859 in
1682 810 1865 875 quibus

389 885 798 953 transpositiones
833 885 1128 954 paginarum
1162 889 1328 947 factae,
1351 889 1431 938 vel
1466 888 1651 937 librarii
1681 887 1762 936 vel
1792 885 1864 935 bi-

388 962 611 1029 bliopegi
634 965 775 1024 vitio,
799 966 850 1013 in
876 966 1053 1014 codice
1081 966 1167 1014 illo
1198 966 1482 1029 antiquiori.
1553 965 1685 1013 Nam
1711 980 1786 1013 eae
1809 964 1863 1011 in

387 1041 618 1090 omnibus
656 1040 801 1090 MSS.
843 1051 1148 1091 conservatae
1186 1043 1519 1108 reperiuntur.
1589 1042 1654 1090 V.
1692 1043 1756 1091 ad
1789 1040 1860 1088 H.

388 1115 492 1176 ΙΙΙ,
520 1126 566 1166 5.
601 1125 678 1166 65.
740 1118 891 1167 Unde
923 1135 1026 1167 non
1058 1135 1157 1168 una
1192 1119 1475 1168 observatio
1499 1120 1744 1178 nascitur,
1763 1125 1863 1167 stu.-

385 1194 537 1242 diosis
561 1195 678 1243 artis
704 1196 891 1246 criticae
916 1198 1330 1245 commendanda.
1368 1196 1500 1244 Nam
1516 1198 1728 1260 primum
1742 1196 1864 1244 hinc

383 1271 698 1336 intelligitur,
723 1289 896 1322 omnes
919 1274 1184 1323 varietates
1206 1273 1502 1332 lectionum,
1527 1289 1648 1338 quas
1672 1290 1700 1324 e
1722 1272 1861 1323 libris

383 1348 579 1413 scriptis
625 1356 821 1398 notatas
871 1350 1130 1410 habemus,
1183 1351 1383 1415 proprie
1435 1367 1543 1400 esse
1595 1349 1859 1401 varietates

382 1424 528 1472 unius
553 1425 789 1490 exempli,
817 1442 919 1474 non
937 1422 1178 1491 plurium,
1202 1427 1287 1491 qui
1321 1434 1385 1475 ex'
1414 1427 1524 1492 ipso
1545 1426 1746 1492 ἀρχετύπῳ
1769 1429 1858 1477 flu·-

379 1501 561 1552 xerint.
609 1501 761 1552 Unde
783 1503 840 1552 fit
861 1506 1082 1563 secundo,
1100 1511 1158 1552 ut
1181 1505 1412 1553 omnibus
1437 1504 1706 1554 codicibus·
1721 1504 1856 1555 com-

377 1576 612 1644 Parandis
647 1579 771 1630 nihil
810 1580 945 1629 aliud
982 1581 1109 1630 effici
1127 1604 1129 1606 ·
1146 1582 1319 1646 possit,
1345 1598 1492 1646 quam
1533 1589 1608 1641 ut,
1643 1583 1765 1647 quid
1799 1582 1854 1632 in

376 1671 481 1704 uno
510 1656 596 1704 illo
630 1657 938 1722 apographo,
965 1660 1101 1708 unde
1133 1659 1167 1706 ii
1199 1675 1402 1718 venere,
1435 1659 1606 1718 fuerit,
1633 1656 1854 1710 inveniaa.

376 1749 501 1781 mus.
575 1733 724 1782 Hanc
749 1737 886 1784 tertio
911 1751 1135 1784 caussam
1159 1753 1265 1786 esse
1283 1737 1553 1802 paucitatis
1575 1733 1852 1787 lectionum

376 1810 691 1871 variantium,
731 1820 880 1877 atque
919 1815 1104 1861 tandem
1137 1813 1530 1879 corruptelarum
1564 1816 1853 1867 et-mendo-

374 1902 504 1946 rum,
527 1887 579 1935 in
604 1888 787 1937 Tacito
810 1889 1134 1953 reliquorum,
1149 1890 1202 1938 in
1227 1891 1406 1954 quibus
1429 1890 1610 1939 frustra
1629 1907 1685 1940 se
1711 1908 1849 1941 exer-

375 1972 524 2013 ceant
556 1965 760 2030 ingenia
789 1965 1008 2014 virorum
1041 1967 1457 2015 doctissimorum.
1532 1962 1670 2016 Hinc
1697 1985 1852 2034 porro

373 2041 570 2090 discent
594 2041 808 2106 juvenes
845 2043 1052 2091 studiosi
1086 2043 1363 2092 litte-rarum
1400 2052 1451 2092 et
1486 2045 1603 2093 artis
1639 2046 1846 2105 criticae,

372 2117 558 2182 (cujus,
604 2132 717 2183 ego*
747 2121 1023 2169 identidem
1077 2137 1260 2170 moneo
1304 2121 1536 2185 juvenes,
1590 2123 1850 2174 neminem

369 2193 516 2258 plane
544 2195 837 2260 imperitum
873 2214 979 2246 esse
1015 2199 1218 2256 debere,
1254 2199 1338 2262 qui
1385 2215 1436 2247 se
1483 2215 1585 2247 non
1631 2199 1849 2249 subinde·

369 2272 582 2347 turpiter
605 2274 742 2331 dare,
768 2282 819 2322 et
849 2274 1001 2322 risum
1035 2275 1222 2323 criticae
1254 2276 1326 2323 rei
1360 2276 1564 2350 peritis,
1575 2270 1666 2324 ant
1689 2276 1842 2327 bilem

368 2364 568 2398 movere
608 2350 753 2411 velit)
791 2351 988 2399 discent
1039 2351 1191 2415 igitur
1236 2352 1372 2411 hinc,
1404 2353 1603 2416 primo,
1623 2363 1754 2402 curn
1775 2355 1851 2404 de.

366 2422 503 2472 libris
528 2426 723 2490 scriptis
749 2435 942 2491 agatur,
967 2444 1069 2476 non
1094 2436 1195 2476 tam
1225 2429 1499 2478 videndum
1533 2446 1659 2490 esse,
1686 2424 1841 2496 quani

365 2501 548 2550 multos
594 2518 803 2552 numero
848 2504 1136 2563 habeamus,
1182 2507 1270 2554 sed
1315 2523 1464 2570 quarn
1510 2507 1712 2568 multos,
1752 2509 1839 2573 qui

364 2578 502 2626 velut
517 2578 600 2642 jus
623 2581 885 2631 sententiae
908 2581 1139 2632 dicendae
1163 2583 1399 2643 habeant,
1424 2601 1539 2632 cum
1568 2576 1637 2634 de
1663 2577 1844 2641 lectio->

362 2655 440 2702 nis
463 2654 669 2720 alicujus
704 2658 913 2706 'veritate
950 2667 1229 2722 quaeratur.-
1296 2660 1427 2708 Nam
1463 2661 1594 2709 situ
1628 2669 1847 2715 centum*

362 2728 565 2781 codices
599 2732 820 2796 ejusdem
857 2734 969 2783 libri
1004 2735 1206 2795 habeas,
1230 2752 1315 2784 eos
1340 2745 1506 2786 autem
1532 2744 1747 2797 constet,
1770 2754 1836 2789 ex

362 2823 464 2861 uno
488 2809 776 2876 apographo
799 2811 978 2860 ductos
1013 2827 1139 2872 esse,
1163 2829 1265 2862 non
1301 2814 1395 2861 nisi
1430 2811 1576 2869 unius
1609 2813 1722 2863 libri
1748 2814 1834 2883 Jus
