1956 3250
681 137 1146 190 PRAEFATIO.
1551 138 1631 189 xii

150 272 268 322 sinit
272 272 413 337 fides
433 272 586 338 ipsius
605 279 656 322 et
660 273 899 338 probitas,
921 287 1021 337 qua
1052 271 1133 321 ille
1165 286 1263 320 non
1294 270 1469 331 minuS,
1489 288 1634 336 quam

146 350 362 415 ingenio,
403 351 605 401 excellit.
653 359 752 400 etc.
838 351 1137 416 Sequuntur
1178 349 1367 401 deinde
1415 357 1634 414 quatuor

150 428 399 492 capitibus
437 430 670 495 quaedam
718 427 912 479 Mureti
946 427 1274 494 conjecturae,
1308 445 1350 477 a.
1383 426 1636 492 Lipsianis

146 506 374 556 diversae.
444 507 545 557 Sed
590 506 751 557 edidit
796 507 948 556 etiam
997 506 1178 556 Romae
1229 514 1372 555 1580.
1420 505 1632 556 Librum

143 583 360 646 primum
381 582 520 633 Ann.
551 599 667 633 cum
692 584 825 633 notis
849 585 968 643 suis,
987 583 1254 649 aliquoties
1276 583 1330 631 in
1353 582 1634 633 Germania

147 661 350 710 recusis.
421 660 624 725 Lipsius
648 668 816 710 autem
842 659 1078 713 Tacitum
1103 662 1169 709 ad
1205 659 1352 709 MSS.
1378 669 1432 710 et
1456 661 1633 711 editio-

147 754 237 788 nes
270 747 469 788 veteres
502 739 842 803 recognitum,
868 755 985 788 cum
1018 740 1225 788 erudito
1261 739 1630 788 commentario

67 844 69 846 ·
148 817 310 866 edidit
339 817 559 886 primum
595 818 882 881 Antverpioe
923 825 1065 869 1574.
1099 818 1317 877 octoniS,
1342 825 1396 866 et
1429 825 1546 882 post
1584 834 1630 866 a.

154 902 295 942 1581.
331 895 507 944 eadem
544 893 724 954 forma,
761 895 1001 959 Lugdzmi
1053 903 1194 944 1585.
1234 895 1397 944 forma
1434 894 1632 961 majori,

155 981 300 1022 1588.
326 982 380 1022 et
403 980 481 1021 95.
509 974 728 1033 octonis,
752 982 806 1023 et
839 982 1041 1023 sextum
1078 973 1367 1038 Antverpiae
1399 990 1445 1022 a.
1486 981 1629 1022 1600.

146 1051 426 1116 quaternis,
449 1059 504 1101 et
535 1051 698 1101 forma
731 1051 927 1117 majori,
952 1051 1096 1117 cujus
1119 1050 1412 1116 exemplum
1439 1051 1493 1099 in
1522 1051 1629 1101 bib.

144 1127 366 1178 liotheca
411 1128 626 1179 Dresdae
673 1128 946 1196 Principali
990 1129 1112 1178 vidi.
1191 1128 1271 1176 Ex
1318 1127 1415 1178 hac
1451 1129 1627 1178 ductae

143 1214 263 1256 sunt
296 1215 480 1257 ceterae
518 1207 939 1273 AntverpienseS,
965 1214 1088 1272 'post
1125 1214 1341 1256 mortem
1380 1207 1488 1272 ejus
1524 1207 1628 1255 vu]-

145 1293 295 1350 gatae,
330 1301 542 1350 quarum
588 1285 754 1334 habeo
799 1301 932 1344 eam,
968 1300 1083 1349 quae
1123 1291 1266 1332 1648.
1310 1294 1487 1335 curata
1534 1293 1628 1334 est.

147 1363 237 1412 Eae
270 1363 461 1413 habent
493 1362 594 1412 hoc
619 1363 896 1421 commodi,
921 1363 1060 1427 quod
1086 1363 1480 1412 commentarius
1515 1363 1630 1412 sub-

135 1441 307 1506 jectus
330 1448 408 1490 est
429 1441 616 1500 textui,
641 1440 728 1505 qui
752 1448 870 1501 ante
896 1441 961 1489 ad
986 1440 1180 1490 calcem
1203 1439 1424 1505 rejectus
1447 1440 1628 1491 fuerat.

194 1547 467 1598 Lipsianarum
484 1546 706 1586 editionum
728 1523 846 1585 series
862 1547 948 1586 haec
965 1551 1038 1585 est.
1093 1546 1125 1584 1.
1144 1550 1182 1584 8.
1201 1545 1331 1584 Antw.
1354 1548 1470 1588 1574.
1490 1554 1540 1583 ex
1557 1540 1626 1581 off.

142 1612 329 1651 Piantini.
385 1611 439 1650 11.
468 1615 504 1650 8.
533 1611 586 1649 ib.
609 1615 725 1650 1581.
779 1611 854 1651 111.
872 1611 941 1650 fol.
962 1611 1008 1650 L.
1028 1611 1077 1648 B.
1098 1614 1213 1649 1585.
1233 1622 1311 1662 qua
1338 1609 1512 1647 Pichena
1536 1618 1630 1646 usus

141 1682 213 1716 est.
269 1676 336 1715 lv,
354 1680 394 1714 8.
412 1675 464 1714 ib.
488 1679 604 1714 1588.
656 1675 704 1713 V·-
722 1675 793 1714 ful.
809 1675 863 1714 ib.
885 1679 1000 1716 1589.
1048 1675 1184 1716 Justus
1205 1675 1357 1726 Lipsius
1375 1675 1548 1723 quintum
1576 1685 1633 1710 re·

142 1743 298 1780 censuit.
342 1739 411 1779 VI.
429 1744 467 1779 S.
485 1745 529 1778 et
550 1744 610 1779 1⁴2.
634 1743 748 1793 1595.
765 1753 829 1791 ap.
850 1739 964 1780 Hier.
983 1740 1290 1779 Commelinum.
1329 1738 1418 1776 Vll.
1439 1741 1477 1776 8.
1495 1738 1630 1776 AntW.

146 1809 260 1846 1598.
313 1804 425 1843 vm.
453 1806 491 1843 8.
519 1804 568 1843 L.
595 1805 644 1843 B.
663 1804 749 1842 eod.
805 1803 879 1843 IX.
906 1805 974 1843 fol.
1002 1809 1045 1842 et
1062 1809 1101 1842 4.
1128 1815 1221 1842 cum
1240 1800 1401 1841 Veneio‘
1420 1801 1629 1840 Paterculo

142 1871 272 1911 Antw.
303 1872 418 1907 1600.
473 1869 607 1907 Justus
635 1869 788 1919 Lipsius
810 1874 1040 1919 postremum
1067 1869 1263 1906 recensuit.
1317 1865 1370 1904 X.
1398 1866 1466 1904 fol.
1495 1867 1628 1903 Antw.

143 1938 258 1978 1607.
269 1933 457 1973 consultis
473 1933 656 1972 Pichenae
676 1934 780 1971 notis
798 1933 1058 1972 emendatior.
1085 1932 1248 1971 Accedit
1266 1935 1412 1981 praeter
1429 1941 1630 1969 commen·

140 2000 261 2038 turios
277 2002 321 2036 et
334 2009 520 2037 exmrsus
536 1998 759 2048 dispunctio
777 2002 964 2037 notarum
981 1997 1250 2036 Mirandulani
1269 1995 1427 2034 codicis.
1453 1992 1528 2032 xl.
1541 1999 1632 2044 post

143 2063 268 2116 Igipsii
284 2067 455 2102 mortem
472 2065 510 2100 8.
528 2063 577 2101 1..
595 2061 642 2101 B.
666 2066 781 2102 1619.
824 2062 918 2100 XII.
938 2065 978 2101 8.
994 2063 1164 2101 Aureliae
1182 2059 1332 2100 Allobr.
1354 2063 1469 2100 1619.
1514 2057 1634 2098 xm.

146 2130 208 2166 12.
226 2127 273 2179 L.
291 2126 339 2164 Β.
357 2129 472 2165 1621.
499 2125 611 2166 XIV.
629 2126 697 2164 fol.
714 2127 849 2165 Antw.
872 2129 987 2170 1627.
1014 2125 1106 2163 XV.
1123 2125 1191 2164 fol.
1210 2123 1262 2162 ib.
1287 2127 1402 2167 1637.
1431 2121 1545 2161 XVI.
1563 2121 1634 2163 fol.

148 2194 263 2232 1648.
291 2189 504 2230 XV11.fol.
517 2189 568 2228 ib.
583 2193 699 2235 1667.
711 2195 753 2229 et
773 2193 889 2229 1668.

209 2281 437 2333 Omnino
477 2280 711 2332 meliores
752 2280 1008 2348 Lipsianae
1047 2287 1165 2329 sunt
1206 2279 1478 2338 editiones,
1514 2294 1630 2344 quae

145 2367 263 2427 post
297 2359 534 2409 Pichenae
564 2367 707 2409 ἔκδοσιν
730 2359 981 2426 prodiere.
1051 2356 1184 2406 Nam
1211 2372 1275 2406 ex
1301 2373 1360 2405 ea
1382 2356 1435 2404 in
1459 2355 1632 2404 multis

139 2437 379 2506 profecit,
393 2437 446 2486 in
464 2437 767 2502 quibusdam
792 2444 1017 2486 mentem
1044 2435 1276 2494 mutavit,
1295 2442 1352 2483 ut
1375 2434 1482 2500 ipse
1502 2433 1630 2483 dicit

143 2517 196 2566 in
240 2515 537 2582 praefatione
584 2515 822 2565 editionis
868 2514 1074 2564 ultimoe.
1149 2513 1329 2579 Itaque
1376 2513 1530 2562 ctiam
1576 2513 1628 2562 in

143 2594 277 2643 notis
321 2594 551 2659 quaedam
599 2591 862 2642 diversitas
904 2602 1000 2651 est,
1036 2599 1090 2641 ct
1124 2608 1170 2639 v.
1206 2607 1255 2640 c.
1293 2598 1417 2640 nota
1454 2591 1521 2641 ad
1558 2592 1625 2646 A,

145 2670 296 2732 XIV,
336 2680 411 2720 13.
437 2672 502 2720 ad
530 2671 742 2721 verbum
769 2671 1026 2736 reperiret,
1049 2685 1156 2718 non
1179 2678 1258 2719 cst
1288 2669 1339 2718 in
1371 2669 1465 2724 ed.
1486 2677 1628 2721 1585.

146 2765 241 2800 nec
287 2750 419 2800 bene
465 2749 634 2799 fecere
675 2747 1019 2798 Gronovianae
1060 2747 1299 2796 editionis
1345 2754 1630 2808 curatores„

121 2852 123 2856 v
144 2843 260 2878 cum
285 2836 430 2877 notas
454 2842 557 2877 non
582 2843 652 2878 ex
672 2826 864 2877 ultimae
896 2825 1209 2877 recensionis
1234 2824 1629 2891 exemplovsmn-
