1956 3250
372 86 433 173 xi
885 128 1345 181 PRAEFATIO.

372 256 576 321 quidem
635 259 858 310 editione
915 262 1163 327 posterior
1226 266 1475 313 correctio
1531 274 1624 315 est.
1717 266 1850 321 Nam

371 335 750 385 emendationes
806 336 911 386 fere
969 347 1086 388 sunt
1142 356 1170 388 e
1229 341 1361 389 notis
1413 341 1592 408 Lipsii,
1639 342 1852 402 Mureti,

366 410 695 477 aliorumque.
756 413 817 462 In
840 414 1113 480 primisque
1137 417 1189 465 id
1211 417 1334 467 licet
1356 419 1528 469 videre
1551 420 1604 468 in
1628 420 1852 485 Dialogo

368 490 434 538 de
471 488 787 551 OratoribuS‚
820 493 908 556 qui
949 501 1085 542 totus
1120 495 1184 543 ad
1229 496 1517 562 exemplum
1553 496 1852 564 Lipsianum

367 574 624 616 correctus
649 576 738 618 est.
811 569 950 619 Ante
976 570 1212 621 Pichenae
1240 580 1410 623 tamen
1445 575 1849 640 recognitionem

368 645 735 695 correctionem
770 647 917 697 istam
951 648 1136 698 fizctam
1174 667 1300 711 esse,
1332 660 1473 717 patet
1507 669 1573 702 ex
1606 669 1689 722 eo,
1712 653 1851 718 quod

367 722 491 771 nihil
527 724 937 774 emendationum
975 726 1212 778 Pichenae
1239 730 1500 794 reperitur.
1572 730 1727 790 Novi,
1751 730 1850 781 hoc

367 808 461 858 est,
485 802 623 865 quod
646 801 764 852 alibi
787 819 891 852 non
905 803 1013 868 jam
1038 813 1188 864 esset,
1210 823 1478 871 perparum
1504 808 1686 874 reperi,
1711 809 1849 873 quod

366 879 417 926 in
446 879 578 927 notis
601 879 725 929 meis
746 882 961 946 prodere
985 898 1089 930 non
1113 882 1332 948 neglexi.
1404 884 1602 935 Ceterae
1626 884 1847 951 Gryphi-

366 973 493 1016 anae,
518 973 630 1021 quae
667 969 1143 1018 commemorantur,
1178 969 1431 1026 quotquot
1466 969 1583 1011 ante
1619 962 1847 1029 Lipsium

365 1033 618 1099 prodiere,
634 1033 769 1082 haud
789 1036 941 1084 dubie
960 1043 1156 1088 tantum
1174 1038 1393 1104 priorem
1417 1038 1552 1089 illam
1577 1046 1847 1104 repetunt:

364 1112 501 1160 unde
526 1127 608 1160 eas
632 1128 735 1161 non
759 1128 1065 1179 magnopere
1087 1115 1355 1180 requisivi:
1394 1133 1507 1182 quae
1535 1124 1653 1183 post
1687 1115 1849 1183 Lipsi-

364 1205 510 1238 anam
542 1195 687 1239 ἔκδοσιν
710 1189 926 1255 vulgatae
962 1199 1097 1250 sunt,
1131 1192 1271 1241 velut
1296 1193 1511 1243 Antonii
1545 1193 1765 1260 Gryphii
1799 1211 1844 1243 a.

370 1272 510 1319 1576.
537 1274 590 1315 et
631 1275 770 1315 1584.
797 1268 1064 1332 duodenis,
1089 1286 1117 1318 e
1155 1269 1392 1336 Lipsiano
1419 1270 1654 1338 exemplo
1677 1273 1847 1322 ductae

364 1352 495 1394 sunt.
567 1344 826 1404 Ceterum,
849 1347 1048 1410 quoties
1083 1347 1134 1396 in
1171 1348 1304 1397 notis
1333 1349 1514 1398 nostris
1540 1350 1619 1398 ed.
1647 1348 1843 1416 Gryphe

364 1430 805 1481 commemoratur,
828 1423 990 1488 prima
1012 1423 1097 1472 illa
1120 1442 1162 1473 a.
1197 1434 1337 1473 1543.
1363 1425 1579 1492 intelligi
1601 1427 1773 1476 debet.

429 1500 546 1549 Fuit
569 1515 693 1564 ergo
715 1499 810 1548 illis
833 1501 1162 1565 temporibuS‚
1177 1502 1275 1551 hoc
1301 1511 1376 1552 est
1400 1503 1520 1552 inde
1544 1504 1608 1554 ab
1631 1521 1675 1554 a.
1699 1512 1841 1554 1533.

361 1577 564 1643 vulgata
582 1575 749 1625 Taciti
771 1577 926 1626 lectio
950 1578 1168 1645 exempli
1193 1597 1222 1628 a
1248 1579 1499 1630 Rhenano
1521 1581 1728 1647 proditi,
1747 1581 1843 1631 nisi

359 1656 489 1705 forte
513 1655 793 1718 Florentina
816 1672 861 1703 a.
894 1663 1033 1704 1552.
1061 1658 1276 1717 octonis,
1301 1675 1451 1723 quam
1481 1667 1846 1709 commemorat

359 1733 635 1791 Fabricius,
670 1733 847 1798 prioris
883 1733 1121 1800 exempli,
1155 1734 1254 1784 hoc
1291 1744 1367 1785 est
1412 1735 1721 1796 Beroaldini,
1756 1744 1847 1787 aut

360 1812 559 1870 Juntini
583 1811 778 1876 prioris,
798 1810 894 1859 hoe
921 1820 997 1860 est
1019 1829 1062 1860 a.
1090 1819 1231 1865 1527.
1252 1814 1474 1865 retinens
1497 1813 1624 1874 fuit3
1651 1815 1716 1865 de
1741 1829 1844 1880 quo

361 1889 485 1938 nihil
528 1889 863 1954 pronunciare
899 1889 950 1936 in
987 1889 1275 1939 alterutram
1312 1899 1508 1956 partem
1546 1891 1687 1951 licet,
1723 1909 1841 1942 cum

359 1967 482 2017 mihi
526 1982 783 2031 nunquam
826 1967 1099 2032 contigerit
1133 1968 1241 2033 ejus
1276 1969 1512 2019 editionis
1548 1970 1840 2034 exemplum

360 2046 547 2095 videre.

427 2122 478 2171 A
500 2122 670 2171 medio
700 2129 868 2172 autem
893 2120 1038 2171 XVI.
1067 2122 1251 2172 saecnlo
1274 2125 1377 2174 duo
1402 2123 1723 2190 eruditissimi
1745 2124 1840 2175 viri

360 2202 424 2252 ad
462 2198 698 2250 Tacitum
745 2199 1099 2265 corrigendum
1145 2201 1405 2266 ingenium
1452 2202 1839 2267 doctrinamque

359 2278 637 2337 contulere,
673 2279 755 2327 M.
783 2279 1024 2327 Antonius
1059 2281 1294 2328 Muretus
1329 2288 1381 2330 et
1412 2282 1586 2331 Justus
1620 2281 1838 2344 Lipsius.

358 2359 458 2408 Sed
505 2356 765 2405 Muretum
811 2357 1056 2419 praevenit
1099 2357 1320 2422 LipsiuS‚
1355 2367 1413 2408 ut
1456 2360 1564 2423 ipse
1604 2358 1839 2410 Muretus
1925 2356 1934 2368 '

354 2444 568 2487 testatur
590 2435 710 2483 Var.
735 2433 882 2484 Lect.
907 2434 1007 2494 XI,
1045 2445 1085 2484 1.
1112 2437 1387 2486 admodum
1420 2436 1594 2488 favens
1628 2437 1840 2504 ingenio

356 2523 410 2566 et
431 2513 676 2564 doctrinae
700 2511 874 2576 Lipsii.
945 2514 1382 2578 DeprehendimuS,
1406 2515 1589 2581 inquit,
1612 2516 1682 2565 ita
1710 2528 1840 2580 saepe

352 2592 613 2643 incurrisse
635 2597 885 2655 utrumque
906 2599 1119 2641 nostrum
1149 2594 1199 2641 in
1221 2596 1386 2642 eadem
1419 2595 1646 2658 vestigia,
1663 2600 1732 2654 ut,
1755 2604 1839 2659 qui

353 2684 456 2721 'rem
496 2685 594 2718 non
630 2677 805 2728 nosset,
833 2671 1067 2735 pleraque
1101 2671 1319 2720 sumsisse
1353 2674 1554 2721 alterum
1586 2673 1650 2721 ab
1682 2673 1840 2722 altero

353 2748 692 2813 suspicaretur.
764 2749 922 2802 Quam
955 2749 1266 2812 suspicionem
1288 2766 1319 2798 a
1340 2765 1431 2809 me,
1454 2751 1497 2799 si
1530 2750 1663 2800 nihil-
1684 2749 1838 2810 aliud,

354 2837 613 2893 temporum
629 2825 754 2875 ratio
755 2826 909 2888 ⁸filcile
927 2827 1167 2887 amolitur,
1184 2843 1335 2894 neque
1351 2829 1525 2878 cadere
1541 2829 1592 2878 in
1610 2827 1836 2894 Lipsium
