1956 3250
443 148 496 197 lx
818 152 820 154 ’
898 148 1345 201 PRAEFATIO.

445 282 624 350 Itaque
660 283 731 333 sic
765 283 1087 343 instituim11S‚
1118 290 1175 332 ut
1203 283 1365 350 primo
1388 298 1466 332 res
1495 299 1524 331 a
1547 283 1709 333 verbis
1728 283 1894 352 sejun-

441 379 691 428 geremuS‚
738 362 1166 427 conficereturque
1223 362 1368 410 index
1422 362 1689 422 historic-m,
1733 364 1894 414 multo

440 441 635 492 auctior
668 441 746 501 iis,
781 442 865 507 qui
900 442 952 489 in
989 440 1293 491 editionibus
1340 439 1576 506 Pichenae
1616 448 1667 491 et
1705 440 1889 508 Ryckii

440 522 772 588 reperiuntur,
795 521 888 570 hac
913 519 1115 586 quidem
1154 535 1218 568 ex
1247 525 1407 586 parte,
1443 536 1542 585 qua
1577 519 1751 570 titulus
1782 521 1892 588 ejus

439 600 778 650 desideraret:
828 614 943 648 nam
980 597 1251 648 sententias
1290 596 1501 647 morales
1546 597 1888 664 negleximus:

437 679 639 738 deinde,
662 686 719 727 ut
740 677 793 728 in
815 677 1079 728 verborum
1103 676 1322 725 indicem
1344 676 1890 744 referretursquicquid

438 765 524 806 aut
557 774 659 806 non
694 756 841 806 nimis
874 755 1066 815 tritum,
1102 762 1188 804 aut
1222 754 1404 804 Tacito
1437 755 1694 821 proprium
1740 765 1889 816 esset,

434 837 814 900 efficereturque
837 836 965 884 adeo
987 835 1131 883 index
1158 833 1402 883 latinitatis
1418 834 1730 894 Cornehanoe,
1753 837 1888 886 unde

433 922 485 964 et
507 914 746 981 cognosci
770 913 893 979 ipsa,
915 914 967 963 in
993 929 1148 961 unum
1170 911 1338 962 locum
1363 921 1622 978 congesta,
1647 931 1676 962 a
1699 914 1885 963 studio-

430 995 495 1043 sis
532 1001 582 1043 et
621 992 838 1059 suppleri
881 991 1045 1043 lexica
1075 998 1127 1040 et
1158 990 1263 1057 peti
1307 990 1633 1040 formularum
1678 992 1885 1042 dicendi

430 1072 669 1121 rariorum
706 1069 951 1136 exempla,
984 1076 1203 1135 possent.
1277 1067 1441 1134 Hujus
1482 1071 1790 1135 congerendi
1824 1088 1885 1120 ac

429 1149 691 1216 digerendi
725 1147 946 1198 laborem
982 1147 1074 1196 sibi
1107 1147 1298 1213 imponi
1322 1163 1492 1212 passus
1518 1155 1592 1197 est
1616 1147 1734 1197 olim
1759 1148 1874 1198 Car.

432 1228 562 1278 Lud.
591 1228 829 1285 BauerUS,
855 1224 920 1274 A.
950 1224 1025 1276 M.
1051 1223 1326 1290 disciplinae
1363 1232 1545 1274 nostrae
1581 1234 1696 1276 ante
1731 1226 1882 1276 alum-

428 1324 540 1367 nus,
563 1322 698 1355 nunc
724 1305 913 1354 Rector
937 1303 1199 1370 Gymnasii
1223 1303 1665 1369 Hirschbergensis
1687 1305 1741 1354 in
1765 1304 1884 1356 Sile-

427 1387 517 1445 sia,
550 1383 774 1451 praeclari
807 1382 882 1432 vir
915 1382 1127 1448 ingenii,
1161 1382 1398 1446 idemque
1434 1382 1667 1442 Ebraice,
1699 1382 1883 1434 Graece

426 1464 707 1529 Latineque
749 1461 1098 1511 doctissimus:
1154 1461 1243 1510 sed
1283 1476 1398 1510 eum
1440 1477 1530 1509 nos
1564 1460 1660 1526 ipsi
1694 1461 1746 1511 in
1786 1461 1881 1511 hac

431 1541 645 1609 repetita
705 1539 998 1590 recensione
1056 1538 1504 1588 innumerabilibus
1555 1555 1713 1605 prope
1757 1539 1882 1589 locis

428 1619 809 1686 locupletiorem
839 1617 1067 1677 fecimus,
1092 1633 1226 1676 cum,
1250 1616 1492 1682 quicquid
1521 1633 1623 1666 non
1657 1616 1880 1683 vulgare,

428 1697 741 1755 insolentiUS,
766 1703 861 1746 etc.
886 1695 1159 1755 videretur,
1184 1694 1560 1760 inspiceremuS,
1584 1710 1647 1743 an
1677 1694 1880 1757 inesset,

431 1794 526 1827 nec
551 1791 630 1824 HC.

481 1862 529 1899 ln
546 1861 617 1898 hac
636 1870 734 1897 nova
750 1858 920 1897 editione
940 1870 1092 1910 quoque
1111 1857 1227 1896 index
1244 1857 1443 1909 aliquanto
1455 1856 1607 1895 auctior
1624 1861 1834 1908 comparet.

496 1935 628 1984 Illud
652 1950 851 2000 quoque
874 1949 976 1982 non
1000 1933 1216 1983 alienum
1246 1932 1399 1982 fuerit
1419 1931 1659 1991 indicare,
1682 1939 1877 1982 textum

428 2013 660 2064 editionis
695 2012 1032 2061 Gronovianae
1067 2011 1271 2060 minoris
1295 2028 1324 2059 a
1351 2010 1495 2059 nobis
1530 2012 1878 2060 accommoda-'

427 2101 534 2142 tum
567 2090 728 2157 praelis
763 2090 930 2140 fuisse.
1002 2089 1202 2139 Etenim
1239 2089 1292 2138 id
1327 2089 1538 2138 subinde
1569 2089 1696 2138 scire
1725 2087 1877 2139 refert

423 2187 615 2229 eorum,
640 2169 724 2234 qui
747 2169 799 2216 in
824 2168 1141 2218 recensendis
1173 2167 1497 2234 scriptoribus
1530 2167 1746 2231 antiquis
1769 2184 1875 2217 ver-

424 2255 611 2306 santur,
633 2255 690 2295 ut
712 2255 849 2312 patet
872 2263 935 2296 ex
957 2247 1034 2307 iis,
1059 2263 1170 2312 quae
1193 2247 1257 2296 de
1282 2245 1585 2295 editionibus
1609 2244 1796 2303 Taciti,
1819 2244 1872 2293 in

428 2326 697 2393 primisque
716 2324 967 2391 Lipsiana,
986 2325 1216 2374 diximus,
1287 2324 1452 2372 Nemo
1477 2330 1552 2372 est
1573 2323 1644 2374 ita
1665 2322 1745 2372 vel
1766 2322 1873 2389 lyn-

427 2422 564 2463 ceuS,
598 2403 677 2453 vel
712 2420 904 2469 semper
939 2403 1054 2452 satis
1089 2409 1327 2461 attentus,
1351 2402 1401 2459 in
1427 2402 1571 2450 rebus
1598 2401 1872 2467 praesertim

426 2491 526 2531 tam
553 2482 774 2540 minutis,
797 2481 881 2545 qui
905 2497 1006 2530 non
1031 2481 1280 2530 interdum
1309 2479 1496 2545 aliquid
1520 2479 1628 2529 vitii
1651 2479 1704 2530 in
1727 2486 1875 2530 textu

420 2559 550 2618 libri,
574 2575 721 2624 quem
755 2566 954 2618 tractat,
976 2567 1252 2624 praetereat.
1324 2558 1384 2606 Id
1421 2557 1459 2606 si
1495 2557 1639 2606 nobis
1669 2572 1871 2622 quoque

423 2638 624 2697 accidit,
649 2645 700 2687 et
729 2637 914 2702 aliquid
945 2637 1062 2686 inde
1096 2637 1204 2685 vitii
1229 2638 1279 2685 in
1304 2637 1432 2685 hanc
1456 2643 1675 2685 nostram
1694 2635 1870 2685 editio-

423 2733 559 2774 nem,
582 2717 715 2780 quod
740 2715 902 2780 operis
932 2732 1031 2763 non
1064 2715 1322 2773 debeatur,
1346 2714 1560 2779 irrepsit,
1581 2712 1773 2763 fontem
1797 2713 1870 2762 in-

424 2793 713 2844 dicavimus.
799 2792 1035 2842 Ceterum
1093 2792 1216 2842 illud
1262 2792 1553 2842 confirmare
1608 2807 1868 2858 possumus

423 2880 589 2923 aetum
623 2872 720 2922 hoc
755 2872 806 2921 in
838 2872 1009 2938 primis
1046 2887 1170 2931 esse,
1208 2879 1263 2922 ut
1296 2878 1464 2921 textus
1509 2869 1674 2925 Taciti
1719 2885 1866 2936 quam
