1956 3250
0 3125 6 3250 ἱ

624 161 1082 212 PR'AEFATIO.
1521 160 1609 211 xix

4 300 10 303 ’
55 356 58 360 ,
135 300 215 362 ep.
255 296 329 356 11,
359 304 432 344 12.
471 311 621 361 quem
666 299 836 344 tamen
880 294 1062 343 frustr‘a
1100 294 1153 342 in
1192 291 1422 357 catalogo
1461 293 1607 342 MSS.

130 371 241 437 ejus
279 373 619 431 bibliothecae,
660 373 722 421 ab
764 371 858 420 Ill..
875 371 1146 437 Theupolo
1186 371 1342 430 edito,
1384 372 1607 435 quaesivi.

91 434 94 435 ⁷
131 447 266 498 Nam
289 451 474 509 codeX‚
498 450 583 514 qui
610 466 658 497 n.
686 448 1072 498 CCCLXXXI.
1104 448 1389 507 exhibetur,
1410 447 1609 513 fuitque

128 527 458 588 —Bessarioni3,
482 545 524 575 a.
558 535 703 575 1453.
737 527 940 575 demum
982 526 1227 575 Bononiae
1262 525 1476 590 scriptus
1514 534 1622 585 est,-

133 619 229 653 nec
251 604 484 653 Victorio
516 603 749 668 antiquus
785 603 951 651 dictus
982 603 1175 652 fuisset.
1246 592 1485 652 Ceterum
1510 602 1608 653 hoc

132 681 339 730 fortasse
376 681 608 746 exemplo
638 680 862 728 firmetur
899 679 1050 739 fama,
1089 697 1202 744 quae
1243 681 1308 729 de
1349 680 1609 730 codicibus

132 757 454 806 bibliothecas
476 757 709 815 Venctae,
732 757 784 804 in
819 756 998 821 primis
1020 774 1084 806 ex
1115 757 1193 816 iis,
1216 757 1446 816 traditur,
1471 759 1556 822 qui
1580 774 1610 806 a

134 834 427 883 Bessarione
450 838 636 883 nomen
651 833 889 892 habuere,
908 834 1183 890 subductis.
1209 834 1275 883 de
1299 850 1398 897 qua
1421 835 1609 893 videat,

133 910 215 959 cui
244 909 402 970 lubet,
430 911 613 959 librum
638 910 879 960 Boerneri
901 919 965 956 τοῦ
985 914 1214 972 μακαρίτου,
1238 911 1303 959 de
1327 910 1531 962 ,Graecis
1553 912 1609 960 li-

130 981 349 1037 terarum
372 988 425 1036 in
450 987 596 1036 Italia
616 987 1030 1036 instauratoribus
1052 1003 1101 1051 p.
1129 993 1208 1038 67.
1237 993 1316 1034 68.
1348 997 1352 1001 ”
1510 998 1515 1004 ·
1657 977 1659 979 ’

199 1063 340 1114 Inter
369 1065 572 1113 codices
601 1080 752 1129 porro
771 1091 773 1093 ·
792 1063 1186 1122 Ottobonianos,
1224 1063 1607 1129 Neapolitanos,

131 1141 180 1189 S.
204 1141 413 1191 Joannis
436 1141 489 1189 in
515 1124 839 1200 Carbonaria,
864 1140 1262 1199 CaesenatenseS,
1294 1141 1462 1191 Taciti
1491 1141 1607 1192 libri

131 1217 256 1266 inde·
291 1217 353 1265 ab
391 1217 486 1266 XI.
524 1217 659 1266 Ann.
701 1217 1036 1283 reperiuntur,
1061 1218 1150 1267 sed
1172 1217 1277 1266 fere
1313 1219 1607 1269 recentioris

131 1292 408 1359 scripturae.
1507 1310 1509 1312 ·

199 1370 355 1420 Extat
384 1372 533 1421 etiam
570 1374 720 1421 codex
758 1371 868 1420 MS.
912 1373 1324 1423 membranaceus
1359 1374 1410 1422 in
1449 1375 1608 1427 biblio-

131 1448 471 1508 theca-Ducali
495 1450 893 1511 Guelferbytana,
927 1449 1067 1514 cujus
1100 1450 1220 1498 mihi
1247 1467 1363 1499 usus
1386 1452 1608 1517 benigne

130 1541 397 1574 concessus
438 1525 548 1574 fuit.
633 1526 683 1575 Is
727 1527 822 1577 fuit
867 1527 986 1574 olim
1026 1526 1095 1574 Ρ.·
1117 1528 1353 1587 Candidi,
1393 1530 1480 1593 qui
1521 1545 1610 1579 sua

31 1602 36 1605 ’
129 1618 281 1650 manu
302 1602 354 1650 in
389 1602 518 1651 libro
545 1603 761 1669 scripsit,
791 1605 861 1652 *ab
899 1620 952 1652 se
994 1613 1185 1653 emtum
1217 1622 1326 1655 esse
1350 1605 1608 1667 Ferrariae,

130 1678 196 1726 A.
223 1677 610 1728 MCCCCLXI.
644 1680 728 1729 die
767 1681 900 1729 lunae
934 1680 1191 1730 XXVIII.
1241 1682 1379 1748 Sept.
1405 1683 1607 1734 a‘Fran-

129 1755 266 1804 cisco
305 1763 472 1805 autem
499 1761 502 1762 ’
527 1756 877 1806 Media-barba
927 1758 1111 1823 Birago
1156 1761 1294 1809 dono
1340 1767 1416 1808 est
1461 1762 1608 1812 datus

128 1831 436 1897 Marquardo
468 1832 661 1892 Gudio,
698 1850 761 1883 ex
795 1834 936 1899 cujus
970 1834 1276 1901 bibliotheca
1298 1836 1352 1884 in
1375 1836 1607 1888 Guelfer-

127 1910 363 1974 bytanam
400 1911 553 1959 venit.
636 1911 744 1961 Sed'
773 1913 836 1960 dc
874 1911 971 1964 hoc
1010 1912 1188 1961 codice
1229 1912 1357 1963 infra
1380 1913 1606 1979 pluribus

127 1986 308 2035 dicam.
730 1994 732 1996 ’
805 1995 809 1998 ’
940 1996 944 1999 ’

177 2085 359 2137 Denique
378 2068 475 2126 citat
493 2088 698 2140 aliquoties
719 2089 904 2127 Heinsius
923 2091 973 2128 ad
995 2090 1046 2128 H.
1069 2091 1112 2127 V.
1132 2092 1305 2129 codicem
1327 2092 1466 2141 Spinoe,
1487 2105 1605 2143 quem

127 2149 272 2187 nemini
301 2155 491 2199 praeoerea
517 2154 731 2192 memorari
769 2154 896 2199 video,
937 2165 1079 2205 neque,
1118 2156 1204 2206 quis
1232 2157 1418 2207 qualisve?
1437 2157 1503 2195 ine
1536 2157 1605 2204 sit,

127 2223 299 2262 pronum
317 2219 378 2251 eet
395 2214 536 2252 dicere.

193 2297 365 2347 Minor
396 2300 693 2365 scriptorum
724 2318 960 2353 numerus
992 2305 1142 2353 estin
1168 2304 1443 2354 minoribus
1465 2305 1606 2356 libel·

124 2374 202 2434 lis,
224 2375 310 2440 qui
336 2391 450 2424 cum
489 2376 656 2427 Taciti
687 2378 969 2430 Annalibus
999 2388 1051 2430 et
1085 2380 1324 2430 Historiis
1365 2384 1611 2444 eduntur,'

122 2452 402 2512 Germania,
427 2454 664 2517 Agricola
688 2464 739 2505 et
763 2459 821 2506 de
845 2458 1134 2507 Oratoribus
1157 2459 1391 2522 Dialogo.
1464 2460 1604 2517 Quid

123 2544 187 2578 ex
209 2528 270 2577 iis
292 2531 568 2595 reperiatur
592 2533 643 2580 in
668 2532 947 2595 Vaticanis,
967 2534 1166 2602 Lipsius
1191 2548 1294 2584 non
1318 2537 1490 2597 tradit,
1508 2538 1606 2588 nisi

123 2606 261 2670 quod
298 2605 571 2672 Dialogum
608 2610 671 2659 ab
711 2610 784 2659 iis'
810 2611 991 2662 afuisse
1028 2613 1216 2662 scribit.
1277 2612 1502 2663 Libellus
1539 2617 1604 2666 de

126 2679 358 2732 Moribus
384 2683 849 2752 Germ.=separatim
878 2697 1083 2738 notatur
1106 2690 1157 2738 in
1184 2688 1330 2739 MSS.
1363 2692 1606 2741 Mediceae

125 2757 452 2810 bibliothecae
480 2762 602 2825 plut.
625 2770 703 2815 73.
725 2781 775 2813 n.
794 2770 840 2813 6.
857 2782 937 2830 ap.
959 2765 1257 2816 MOntefalc.
1275 2783 1323 2832 p.
1346 2774 1457 2817 381.
1480 2759 1603 2818 etin

129 2832 276 2884 MSS.
301 2836 625 2897 bibliothecae
654 2840 883 2892 Norfolc.‘
913 2843 966 2891 in
998 2842 1229 2908 Collegio
1249 2845 1602 2903 Greslzamensi‚

825 2919 860 2966 b
884 2926 914 2965 2
