1924 3236
453 143 532 183 298
987 138 1363 184 ANNALIUM

347 240 550 288 ⁸&trahis
571 250 772 295 mortem,
790 250 834 285 et
856 253 1030 285 mutu-os
1060 243 1172 284 inter
1201 255 1245 284 se
1266 242 1379 286 ictus
1407 244 1679 301 parantibus·
1702 244 1918 303 et'eranffl-

340 300 428 374 ἐπέ-
454 300 527 357 qui
565 315 645 342 non
678 301 853 344 inultum
892 301 1072 351 ericium,
1101 299 1171 341 sed
1207 301 1454 354 eruptionem
1487 303 1730 354 suaderent,
1760 295 1924 361 neque'issir

364 357 683 416 §a‘ignobileffi
715 360 913 415 quamvis
954 357 1112 399 diversi
1151 357 1394 400 sententiis.
1454 358 1616 403 Verum
1649 375 1674 403 e
1704 360 1915 410 Ducibum

385 431 442 469 50
457 415 598 467 Dinis,
614 427 844 474 provectus
861 426 1048 465 senecta,
1062 426 1105 456 et
1119 414 1251 472 longo
1269 429 1346 457 usu
1370 415 1454 457 vim
1478 428 1608 474 atque
1627 415 1924 469 clementiam

453 473 699 516 Romanam
712 475 906 524 edoctus,
916 471 1102 528 ponenda
1114 486 1249 530 arma,
1265 487 1391 515 unum
1405 472 1584 529 adflictis
1599 468 1916 529 idwemedz'umf'

444 532 705 574 disserebat.
765 530 1025 587 Primusque
1050 545 1108 572 se
1145 543 1244 572 cum
1276 531 1470 587 conjuge
1497 541 1543 573 etv
1571 531 1717 576 liberis
1747 535 1918 579 victori·

452 590 673 646 permisit:
697 589 834 631 secuti
856 597 986 631 aetate
1007 597 1083 629 aut
1104 602 1211 630 sexu
1244 588 1467 640 imbecilli,
1498 599 1542 632 et
1574 590 1734 647 quibus
1764 592 1916 650 major

450 649 556 689 vitae
591 661 722 702 quam
752 647 904 704 gloriae
937 646 1113 703 cupid0.
1173 646 1235 687 At
1264 645 1476 702 juventus
1504 646 1683 693 Tarsam
1715 649 1826 692 inter
1859 659 1904 692 et

450 704 648 747 Turesim
680 704 1016 747 distrahebatur.
1048 705 1219 761 utrique
1259 704 1539 758 destinatum,
1570 720 1671 749 cum
1700 705 1902 750 libertate

452 762 675 805 occidere:
697 763 769 805 sed
788 761 922 804 Tarsa
938 776 1158 819 properum
1161 761 1309 819 finem,
1331 761 1628 818 abrumpendas
1640 763 1802 821 pariter
1819 778 1904 822 spes

451 833 499 862 ac
529 827 668 870 metus,
700 820 942 872 clamitans,
983 820 1103 862 dedit
1133 820 1398 876 exemplum,
1435 821 1624 863 demisso
1667 821 1711 864 in
1781 832 1901 865 ectus

451 878 582 921 ferro.
613 893 693 920 nec
723 877 913 929 defuere,
944 878 1019 934 qui
1049 878 1200 920 eodem
1234 877 1365 919 modo
1396 889 1669 935 oppeterent.
1769 881 1902 922 uresis

430 991 431 994 Ἴ
451 950 529 978 sua
549 951 648 978 cum
672 950 800 978 manu
831 947 1005 978 noctem
1027 935 1268 992 opperitur,
1286 934 1400 977 haud
1423 937 1569 978 nescio
1594 936 1719 980 Duce
1739 946 1902 987 nostro.

438 992 597 1050 -Igitur
628 994 809 1036 firmatae
843 995 1052 1035 stationes
1085 992 1359 1034 densioribus
1401 993 1559 1049 globiS.
1597 1005 1642 1037 et
1672 996 1904 1052 ingruebat

450 1065 557 1103 nox,
589 1051 739 1093 nimbo
771 1061 914 1102 atrox,
945 1049 1186 1106 host-isque,
1221 1049 1409 1092 clamore
1453 1051 1643 1104 turbido,
1672 1053 1803 1095 modo
1829 1067 1902 1110 per

449 1120 621 1151 vastum
638 1109 872 1160 silentium,
895 1109 1082 1150 incertos
1111 1109 1357 1150 obsessores
1394 1106 1624 1151 effecerat:
1656 1123 1755 1151 cum
1775 1110 1902 1152 Sabi-

450 1182 531 1208 nus
553 1167 796 1218 circumire,
818 1166 998 1217 hortari,
1025 1179 1074 1207 ne
1102 1165 1158 1208 ad
1177 1165 1367 1222 ambigua
1395 1165 1562 1218 sonitus,
1579 1172 1653 1208 aut
1678 1166 1904 1210 simulatio-

449 1239 539 1266 nem
575 1225 733 1281 quiete'S,
774 1239 910 1266 casum.
948 1222 1233 1266 insidiantibus
1271 1223 1487 1279 aperirent,
1526 1223 1596 1266 sed
1631 1238 1708 1267 sua
1764 1224 1902 1283 uisque

382 1284 431 1321 51
450 1282 590 1323 munia
609 1289 814 1325 servarent
834 1282 1007 1332 immoti,
1028 1280 1198 1338 telisque
1218 1295 1297 1323 non
1318 1279 1536 1339 infulsum
1544 1282 1692 1339 jactis.
1751 1291 1899 1326 nterea

454 1340 621 1382 barbari
645 1342 829 1382 catervis
851 1340 1141 1391 decurrentes,
1165 1354 1279 1381 nunc
1302 1339 1346 1381 in
1365 1338 1521 1381 vallum
1544 1339 1760 1382 manualia
1776 1355 1901 1394 saxa,

450 1408 660 1455 praeustas
694 1398 835 1449 sudes,
877 1398 1023 1439 decisa
1058 1397 1416 1454 roborajacere:
1465 1411 1580 1439 nunc
1625 1397 1823 1456 virgultis
1857 1407 1902 1443 et

448 1456 640 1498 cratibus
658 1465 703 1497 et
734 1455 989 1512 corporibus
1020 1455 1233 1505 exanimis
1264 1454 1480 1510 complere
1512 1454 1676 1498 fossas:
1707 1455 1900 1512 quidam,

449 1523 604 1571 pontes
626 1523 670 1555 et
688 1513 822 1555 scalas
843 1523 943 1555 ante
968 1511 1185 1563 fabricati,
1209 1511 1366 1554 inferre
1387 1512 1739 1569 propugnaculis,
1761 1527 1897 1570 eaque

448 1574 665 1628 prensare,
695 1571 934 1622 detrahere,
975 1579 1020 1612 et
1044 1570 1252 1611 adversus
1284 1570 1521 1611 resistentis
1551 1570 1750 1613 cominus
1786 1570 1898 1614 niti=:

446 1629 569 1671 miles
600 1638 754 1671 contra
783 1629 1012 1671 deturbare
1055 1628 1165 1679 telis,
1200 1626 1353 1684 pellere
1394 1627 1673 1678 umbonibus,
1714 1627 1898 1670 muralia

448 1687 552 1743 pila,
570 1697 800 1744 congestas
823 1686 1016 1744 lapidum
1038 1685 1172 1727 moles
1197 1684 1464 1741 provolvere.
1498 1683 1582 1726 His
1605 1692 1739 1740 partae
1765 1684 1903 1727 victo-

446 1745 522 1787 riae
554 1760 665 1802 spes,
687 1753 745 1795 et,
777 1744 811 1786 si
839 1744 1011 1796 cedant,
1034 1743 1283 1799 insignitius
1314 1742 1558 1799 flagitium;
1590 1742 1671 1784 illis
1703 1751 1903 1786 extrema.

438 1802 534 1859 jam
556 1803 685 1852 salus,
720 1811 764 1843 et
790 1801 1046 1844 adsistentes
1082 1800 1297 1857 plerisque
1334 1809 1490 1841 matres
1512 1808 1556 1841 et
1578 1797 1806 1855 conjuges,
1827 1807 1901 1851 eaf-
1922 1818 1924 1822 ⁴

445 1875 628 1916 rumque
650 1859 838 1901 lamenta
859 1859 1026 1901 addunt
1048 1859 1230 1900 animos.
1251 1872 1340 1899 nox
1362 1857 1456 1898 aliis
1479 1857 1522 1898 in
1541 1853 1783 1909 audaciam,
1804 1857 1903 1900 aliis
1922 1886 1924 1897 2

444 1917 498 1959 ad
523 1917 799 1959 formidinem
820 1925 1093 1974 opportuna:
1140 1915 1293 1957 incerti
1316 1915 1444 1965 ictus,
1467 1914 1643 1956 vulnera
1658 1914 1903 1972 inprovisa:
1922 1914 1924 1960 Ξ

443 1990 618 2017 suorum
639 1985 768 2031 atque
790 1973 980 2016 hostium
1005 1973 1244 2031 ignoratio:
1277 1981 1321 2014 et
1342 1972 1500 2014 montis
1523 1970 1720 2014 anfractu
1753 1985 1899 2029 reper-

432 2047 596 2085 =cussae,
633 2032 749 2074 velut
786 2045 812 2072 a
842 2041 980 2089 tergo,
1024 2045 1166 2082 voces,
1201 2029 1310 2072 adeo
1351 2035 1513 2072 cuncta
1550 2029 1830 2081 miscuerant,
1853 2038 1909 2074 ut.

440 2090 641 2147 quaedam
685 2089 954 2132 munimenta
993 2088 1198 2138 Romani,
1228 2087 1351 2144 quasi
1392 2096 1612 2145 perrupta,
1652 2087 1896 2131 omiserint„

441 2162 582 2205 neque
605 2157 748 2189 tamen
771 2160 996 2204 pervasere
1025 2146 1187 2197 hostes,
1222 2146 1305 2187 nisi
1339 2144 1575 2187 admodum
1599 2145 1751 2201 pauci:
1782 2153 1900 2187 cete-

441 2220 527 2258 ros,
550 2205 692 2248 deleto
716 2204 1042 2262 promptissimo
1059 2217 1235 2261 quoque
1269 2212 1344 2244 aut
1369 2203 1531 2255 saucio,
1553 2201 1785 2258 adpetente
1801 2201 1899 2259 jam

439 2263 551 2316 luce,
575 2273 735 2304 trusere
757 2262 801 2304 in
823 2276 991 2303 summa
1022 2260 1203 2303 castelli.
1233 2260 1307 2303 ubi
1345 2260 1519 2302 tandem
1543 2269 1697 2302 coacta
1715 2259 1898 2312 deditio,

438 2330 483 2363 et
513 2321 716 2379 proxima
746 2327 901 2377 sponte
932 2318 1170 2361 incolarum
1202 2329 1390 2375 recepta.
1423 2316 1615 2374 reliquis,
1633 2330 1720 2373 quo
1754 2315 1906 2373 minus,

482 2443 767 2485 propugnaculis,
815 2453 918 2485 eaque
968 2441 1152 2484 prensare]
1235 2441 1278 2472 In
1304 2440 1438 2472 smnma
1468 2439 1610 2480 castelli]
1648 2439 1702 2472 Sic
1727 2437 1802 2471 eod.-
1825 2418 1907 2477 MS}

1905 2485 1910 2493 ι

438 2485 596 2523 Dubitat,
636 2492 745 2518 turres
786 2496 856 2518 esse
891 2485 1150 2517 Freinshemius.
1192 2484 1272 2515 editi
1290 2484 1488 2515 adsumma.
1533 2483 1620 2514 ERN.
1887 2480 1910 2522 ἦν,

437 2532 540 2560 recte.
587 2528 741 2570 intellige
755 2530 909 2566 loricam,
933 2537 1031 2568 quam
1051 2537 1081 2558 e.
1097 2529 1151 2561 49.
1237 2526 1359 2567 Sponte
1393 2525 1593 2566 incolarum]
1633 2523 1707 2556 MS.
1736 2522 1910 2556 insomne

437 2575 566 2602 textam
591 2572 686 2604 dixit.
712 2577 826 2604 noster
859 2575 888 2607 Ι,
905 2572 958 2602 68.
975 2574 1146 2611 proruunt
1190 2579 1230 2600 ex
1252 2578 1319 2609 quo
1344 2569 1488 2609 primum
1515 2567 1642 2599 editum
1675 2566 1850 2598 inin-om
1908 2603 1909 2606 Ἴ

425 2611 551 2654 fissas,
578 2614 735 2656 injiciunt
756 2618 878 2651 crates,
901 2622 1036 2645 summa
1065 2612 1148 2643 valli
1189 2611 1277 2652 quod
1303 2611 1461 2648 alienum,
1489 2609 1772 2642 animadvertente
1798 2608 1846 2640 Be
1883 2644 1886 2650 Δ
1907 2614 1910 2652 J

431 2659 606 2698 prensam.
654 2656 699 2687 Ut
723 2657 824 2692 muri,
846 2657 893 2687 sic
916 2656 1004 2687 vana
1027 2663 1147 2695 propu-
1190 2653 1266 2685 aldo
1292 2654 1363 2694 ipso
1390 2654 1424 2684 in
1455 2653 1563 2685 notis:
1601 2650 1718 2683 deinde
1742 2659 1762 2680 e
1791 2647 1902 2685 cori-de

438 2697 580 2739 gnacula
607 2698 779 2735 dicuntur,
806 2698 893 2730 unde
922 2699 1014 2733 urbs,
1040 2700 1149 2729 castra
1192 2695 1304 2727 ctione
1333 2695 1459 2728 Mureti
1490 2694 1592 2726 edidit
1622 2693 1780 2729 Pichena,
1809 2686 1909 2741 (μσςᾖ

437 2739 669 2773 defendantur.
717 2740 804 2772 ERN.
1191 2742 1365 2778 sequentes
1392 2738 1534 2769 editores
1559 2740 1648 2769 recte
1677 2735 1781 2766 secuti
1803 2742 1882 2778 sun·
1902 2746 1905 2749 ·

478 2779 635 2815 Mur-atta
654 2783 743 2824 pila]
774 2782 906 2820 Major-a
933 2781 985 2819 iis,
1017 2790 1090 2820 quae
1114 2781 1149 2812 in
1189 2780 1264 2812 «lac.
1300 2780 1486 2811 Gronovius
1524 2784 1638 2810 tamen
1670 2777 1841 2818 suspicaba

436 2827 506 2858 acie
518 2826 721 2866 ,iacet-entur,
736 2825 825 2865 quod
838 2824 968 2855 facilius
983 2823 1150 2862 dejiciun·
1193 2823 1350 2855 vicorum.
1387 2823 1475 2854 ERN.
1515 2821 1660 2853 Cronius
1675 2819 1810 2860 conjicit
1827 2818 1834 2826 '
1866 2848 1883 2862 .-

435 2872 495 2899 tur
514 2874 550 2900 et
570 2869 686 2909 majori
712 2877 789 2899 cum
813 2868 856 2899 vi.
899 2868 982 2898 Caes.
1000 2867 1041 2898 Β.
1059 2867 1100 2896 G.
1119 2869 1151 2903 7,
1196 2874 1283 2897 rum.
1835 2880 1839 2884 -
1866 2854 1898 2896 3

437 2911 571 2952 82.Jam
585 2910 733 2944 laudavit
748 2909 1004 2943 Freinshemius.
1035 2908 1123 2940 Emi.
