1956 3250
632 148 1091 202 PRAEFATIO.
1480 147 1605 196 xxxi

133 285 377 353 Ryckius,
392 284 479 350 qui
500 283 606 349 ejus
625 282 912 349 exemplum
935 280 1129 339 habuit,
1147 279 1232 327 vix
1255 277 1350 337 bis,
1370 279 1422 326 ni
1445 279 1607 340 fallor,

131 372 219 420 aut
237 371 317 413 ter
337 362 392 410 in
413 361 547 411 notis
570 361 878 411 mentionem
909 358 1016 424 ejus
1049 357 1190 415 fecit,
1214 372 1311 405 nec
1334 356 1606 422 quicquam

129 455 196 497 ex
230 456 293 490 eo
330 438 559 504 protulit,
594 439 732 503 quod
766 436 950 487 Tacito
986 435 1279 501 prodesset:
1323 435 1459 484 unde
1495 451 1606 484 eam

129 517 431 582 collegeram
455 533 484 565 e
507 515 749 580 superiori
776 514 861 563 illa
881 520 1041 563 totam
1064 513 1270 561 ductam
1294 527 1421 571 esse,
1445 526 1606 577 eaque

127 594 275 644 {heile
305 610 475 643 carere
509 609 675 658 posse,
698 592 785 657 qui
818 590 954 640 illam
988 589 1212 639 haberet.
1283 587 1382 639 Sed
1416 597 1607 648 tamen,

129 672 397 721 occasione
442 669 627 728 oblata,
662 669 761 718 emi
807 666 1094 732 exemplum
1141 666 1247 730 ejus
1292 673 1345 716 et
1389 666 1603 732 inspexi.

133 748 305 798 Habet
327 755 495 796 autem
517 744 948 811 praefatiunculam
986 743 1122 792 Rivii
1144 744 1370 802 brevem,
1394 751 1447 793 et
1468 744 1520 792 in
1546 760 1607 794 ea

129 826 409 876 breviorem
433 824 583 873 etiam
606 822 964 888 professionem
988 823 1053 870 de
1077 837 1230 885 opera
1264 837 1294 868 a
1327 837 1380 870 se
1409 830 1604 871 navata.

133 903 275 968 Opus
296 909 479 960 totum,
494 908 700 966 recepta
721 915 866 948 novae
885 898 1120 948 editionis
1139 914 1276 956 cura,
1293 915 1346 946 se
1369 899 1604 963 primum,

128 980 215 1039 ait,
239 978 559 1044 percurrisse,
589 978 641 1025 in
677 993 840 1041 eoque
875 984 953 1024 tot
989 983 1170 1034 errata,
1201 982 1280 1023 tot
1319 991 1488 1024 naevos
1529 993 1604 1025 re-

126 1057 332 1123 perisse,
355 1063 413 1104 ut
432 1054 558 1104 locis
582 1071 731 1119 supra
758 1053 893 1102 mille
919 1052 1208 1102 correxerit.
1281 1051 1384 1110 Qui
1417 1053 1605 1118 profes-

129 1134 280 1184 sionis
302 1134 481 1182 modus
505 1140 558 1182 et
581 1147 853 1181 consensus
878 1130 984 1195 ejus
1008 1145 1123 1179 cum
1148 1137 1295 1178 textu
1319 1129 1603 1190 Puteolani,

128 1227 279 1276 quem
311 1212 365 1261 in
400 1210 532 1258 notis
567 1209 916 1267 indicavimus,
952 1207 1085 1256 clare
1106 1207 1330 1266 indicat,
1365 1208 1603 1257 editionis

129 1288 341 1338 Venetae
364 1287 591 1353 proxime
610 1286 895 1351 superioris,
914 1285 966 1333 id
985 1292 1061 1334 est
1083 1301 1126 1332 a.
1151 1290 1291 1336 1497.
1313 1283 1601 1350 exemplum

129 1367 191 1415 ab
214 1382 276 1415 eo
299 1365 370 1420 ita
403 1363 566 1429 praelis
599 1362 974 1428 typographicis
1005 1363 1444 1416 accommodatum
1473 1379 1601 1423 esse,

128 1452 185 1492 ut
212 1457 472 1508 operarum
502 1440 624 1488 vitia
657 1439 970 1497 tollerentur,
995 1454 1108 1503 quae
1142 1446 1387 1503 praeterea
1420 1439 1601 1489 vitiosa

126 1521 431 1578 viderentur,
454 1519 518 1567 de
539 1517 735 1583 judicio
758 1532 850 1564 suo
874 1516 1163 1580 corrigeret.
1235 1514 1298 1563 In
1322 1532 1424 1580 quo
1449 1533 1599 1581 quam

127 1596 174 1646 ei
208 1596 460 1646 interdum
495 1593 762 1643 infeliciter
791 1610 870 1642 res
895 1593 1210 1652 successerit,
1234 1592 1470 1659 exemplo
1493 1610 1601 1644 esse

125 1681 294 1738 potest
327 1671 575 1722 correctio
611 1678 784 1720 notata
823 1672 887 1719 ad
923 1670 988 1718 A.
1022 1669 1198 1729 X1‚4.
1271 1670 1512 1720 Ceterum
1549 1664 1609 1721 et¹

127 1750 255 1800 hanc
279 1749 514 1814 intelligit
537 1748 735 1814 Lipsius
759 1749 1032 1806 interdum,
1048 1763 1164 1796 cum
1188 1746 1440 1798 Venetam
1465 1764 1600 1798 com·

125 1835 368 1877 memorat
385 1826 437 1874 in
455 1825 759 1875 editionibus
777 1824 1155 1890 poste1·ioribuS‚
1170 1832 1226 1872 ut
1245 1824 1414 1889 colligi
1431 1834 1601 1891 potest

125 1919 156 1954 e
189 1912 310 1954 nota
343 1903 577 1954 editionis
611 1903 800 1967 quintae
835 1904 899 1951 ad
938 1901 1034 1960 XI,
1067 1911 1139 1950 18.
1165 1902 1217 1949 in
1253 1901 1368 1951 fine.
1403 1902 1502 1951 vid.
1528 1902 1598 1952 ibi

129 1989 299 2032 notam
323 1988 559 2030 nostram.

194 2057 344 2107 Hanc
383 2057 586 2122 excepit
621 2057 778 2107 editio
819 2057 1039 2121 Philippi
1085 2057 1321 2106 Beroaldi
1353 2055 1387 2107 J
1388 2057 1597 2118 unioriS‚

127 2134 432 2184 nitidissimis
455 2134 638 2183 chartis
659 2135 911 2200 typisque,
935 2150 1025 2199 per
1053 2133 1359 2199 Magistrum
1392 2134 1599 2201 Stepha-

68 2204 71 2206 ’
125 2227 246 2260 num
269 2210 535 2274 Guillereti
559 2212 623 2260 de
651 2210 1002 2276 Lothoringia,
1027 2209 1280 2261 Tullensis
1302 2212 1598 2272 dioeceseOS,

126 2287 304 2339 Romae
333 2296 473 2336 1515.
502 2286 612 2336 Kal.
639 2286 792 2338 Mart.
818 2287 1094 2338 Leonis-X.
1121 2288 1268 2338 Pont.
1295 2289 1438 2338 Max.
1463 2305 1598 2339 anno

125 2366 363 2415 secundo.

177 2465 335 2505 Titulus
368 2466 464 2504 iste:
503 2466 549 2506 P.
580 2466 743 2505 Cornelii
785 2467 909 2506 Taciti
945 2466 1033 2505 libri
1068 2469 1231 2517 quinque
1264 2469 1411 2506 noviter
1445 2467 1599 2510 inventi.

124 2534 240 2580 atque
259 2542 342 2569 cum
359 2530 514 2580 reliquis
531 2530 608 2579 ejus
626 2530 811 2582 operibus,
831 2543 913 2582 quoe
936 2534 1045 2582 prius
1070 2530 1351 2570 inveniebantur
1370 2531 1502 2571 Romae
1526 2535 1599 2571 im·

124 2595 246 2646 pressi
262 2600 339 2634 etc.

190 2671 626 2740 Praefatiunculam
661 2671 912 2733 Beroaldi,
937 2690 1050 2738 quae
1081 2674 1146 2723 ad
1181 2675 1417 2725 editionis
1451 2675 1599 2725 ratio-

124 2764 241 2799 nem
275 2750 512 2816 pertinet,
536 2750 654 2815 quia
679 2749 843 2800 brevis
867 2758 961 2809 est,
983 2749 1111 2801 liber
1135 2759 1302 2801 autem
1326 2752 1432 2818 ipse
1455 2752 1598 2801 raris·

125 2825 296 2886 aimm,
318 2826 654 2893 subjecimus:
680 2828 897 2892 Philipp.
923 2828 1199 2878 Beroaldus
1219 2830 1287 2883 ad
1306 2830 1558 2881 Lectorem
1578 2848 1595 2876 ,-
