1956 3250
422 140 501 182 lxvi
936 148 1167 190 TACITI
1202 151 1370 193 VITA.

425 251 712 297 Consulatum
736 255 892 299 deinde
915 259 1019 301 satis
1041 260 1174 319 longo
1198 261 1424 305 intervallo
1456 262 1700 322 imperante
1731 263 1880 310 Nerva

424 322 625 380 pervenit
656 338 700 366 A.
727 338 772 368 u.
798 340 840 368 c.
866 341 1040 372 ncecr..
1075 330 1283 373 suffectus
1317 332 1361 374 in
1395 331 1540 376 locum
1570 334 1788 378 demortui
1821 334 1876 378 Τ.

426 392 627 450 Verginii
658 393 777 448 Rufi,
801 395 928 450 illius,
951 399 1024 455 qui
1048 399 1239 442 delatum
1268 416 1295 442 a
1323 400 1599 446 Germanicis
1629 403 1878 461 legionibus
1942 395 1952 450 Ῐ

422 462 480 504 im
490 462 654 519 perium
679 474 930 508 constanter
953 479 1187 525 spreverat.
1209 484 1339 526 quem
1361 480 1406 513 et
1428 471 1685 516 defunctum
1708 465 1788 531 prd
1807 489 1878 517 ro-

423 532 523 574 stris
543 532 723 575 Tacitus
745 534 951 578 laudavit.
1012 537 1364 582 Exsulasseeum
1390 542 1471 583 sub
1497 541 1759 586 Domitiano
1780 544 1879 601 qui-

421 603 520 644 dam
543 603 838 659 tradiderunt3
872 606 1010 664 magis
1035 618 1194 661 tamen,
1217 618 1265 650 ut
1286 610 1458 667 opinor,
1481 625 1560 668 pro
1592 626 1711 654 more
1732 613 1874 672 vulgi,

421 671 496 729 qui
521 674 690 730 magnis
715 675 815 716 viris
838 675 1028 733 insignes
1051 693 1175 720 casus
1197 678 1419 736 adfingere
1440 689 1572 733 amat,
1594 696 1727 738 quam
1755 683 1876 740 quod

420 743 515 799 ejus
538 743 598 784 rei
620 752 763 786 certus
785 755 937 788 auctor
959 747 1029 788 sit.
1063 746 1159 805 Ego
1178 747 1363 805 legendo
1383 764 1469 792 non
1496 749 1611 793 aliud
1635 752 1877 809 comperio,

421 828 552 868 quam
585 813 777 856 abfuisse
807 829 906 857 eum
938 815 1106 872 aliquot
1136 818 1261 859 annis
1291 819 1347 861 ab
1380 820 1500 872 urbe,
1533 819 1663 877 idque
1693 834 1745 863 eo
1776 820 1876 879 ipso

421 891 632 939 ternpore,
664 898 750 939 quo
789 883 933 926 Julius
963 885 1173 943 Agricola
1209 902 1330 929 socer
1360 888 1455 944 eJus
1498 898 1683 932 mortem
1715 890 1877 933 obierit

424 965 557 993 coss.
593 951 807 1010 Pompeio
841 953 1119 1012 Conlega,ret
1152 955 1257 998 Cor.
1282 956 1448 1008 Prisco,
1477 972 1565 999 non
1603 967 1694 1001 tam
1729 958 1875 1002 exsilii

419 1021 695 1074 necessitate,
719 1033 767 1063 ut
788 1022 990 1076 arbitror,
1011 1039 1142 1080 quam
1166 1025 1299 1067 taedio
1331 1035 1578 1083 temporum
1601 1036 1645 1069 et
1668 1028 1883 1086 cupidine·
1954 1020 1956 1024 ¹

419 1090 515 1132 otii.
578 1090 709 1143 Nam,
731 1091 847 1148 quod
871 1092 1018 1145 iidem,
1042 1103 1091 1136 ut
1113 1095 1230 1136 omni
1263 1110 1319 1136 ex
1344 1104 1464 1152 parte
1495 1105 1586 1138 tam
1618 1097 1751 1139 anxia
1772 1097 1871 1140 dili·
1896 1121 1900 1124 ·
1928 1088 1954 1093 Ἀ

419 1160 569 1217 gentia
599 1170 785 1212 constet,
809 1161 1067 1205 decennium
1086 1163 1129 1205 in
1159 1164 1315 1206 exsilio
1332 1165 1474 1221 egisse
1496 1166 1708 1219 scribunt,
1727 1182 1778 1210 ac
1797 1166 1872 1210 de·-

418 1244 537 1272 mum
561 1239 742 1272 exorato
768 1229 1026 1274 Domitiano
1042 1233 1320 1287 restitutum3
1353 1233 1509 1277 Latine
1531 1243 1579 1277 ut
1596 1235 1873 1292 loquar‚ina·

418 1301 485 1344 nis
507 1299 655 1342 fabula
675 1309 754 1342 est.
777 1316 828 1343 ac
858 1302 988 1344 credo
1019 1317 1093 1345 eos
1122 1302 1338 1356 homines,
1369 1319 1471 1347 cum
1501 1304 1587 1348 boc
1618 1305 1873 1359 scriberent,

416 1370 691 1412 indormiisse
721 1369 833 1412 bello
851 1369 1059 1427 Trojano,
1078 1381 1122 1414 et
1153 1371 1271 1415 illinc
1303 1373 1514 1418 decennia
1543 1389 1621 1417 sua
1651 1375 1871 1419 sumsisse.

1940 471 1953 563 3}

1944 588 1953 606 ,ι

1942 607 1953 626 ‘a

417 1438 605 1482 Constat
635 1439 752 1481 enim
785 1440 900 1497 apud
933 1441 1163 1499 vigilantes
1191 1450 1236 1483 et
1270 1442 1454 1495 sobrios,
1497 1442 1805 1489 Domitianum
1844 1460 1872 1490 a
1936 1496 1945 1499 ῃ

414 1509 528 1551 ludis
562 1509 650 1551 suis
685 1509 979 1562 saecularibus,
1009 1511 1168 1567 quibus
1201 1519 1319 1553 certe
1349 1510 1530 1555 Tacitus
1563 1512 1735 1556 Praetor
1770 1513 1865 1556 Ro-

415 1593 502 1621 mae
533 1578 691 1631 adfuit,
715 1593 805 1621 vn.
827 1579 1059 1622 dumtaxat
1088 1595 1224 1623 annos
1259 1580 1435 1634 vixisse,
1453 1591 1612 1624 octavo
1647 1582 1872 1640 conspira-

415 1649 536 1691 tione
557 1663 732 1690 suorum
751 1648 960 1691 occisum.
1021 1648 1136 1692 Haec
1159 1648 1248 1692 fere
1270 1650 1316 1692 in
1335 1649 1446 1708 Rep.
1509 1650 1561 1694 In
1583 1652 1757 1708 privata
1773 1651 1870 1709 ejus

414 1719 507 1761 vita
537 1717 620 1760 ista
650 1727 765 1760 sunt.
826 1718 1022 1761 Uxorem
1052 1719 1182 1762 duxit
1216 1733 1261 1762 A.
1287 1734 1332 1763 u.
1357 1734 1399 1762 c.
1426 1734 1681 1765 nccexxx,
1702 1721 1871 1781 Vespa·

414 1788 536 1830 siano
571 1802 666 1830 11x.
684 1797 729 1829 et
764 1787 817 1830 C.
839 1787 960 1831 Julio
982 1789 1191 1846 Agricola
1219 1803 1353 1832 coss.
1375 1789 1597 1848 Agricolae
1633 1791 1784 1844 filiam,
1802 1791 1869 1834 id-

414 1872 499 1916 que
523 1857 582 1899 illi
602 1857 655 1899 ad
679 1867 921 1899 extremam
947 1867 1122 1900 aetatem
1146 1873 1328 1901 concors
1350 1869 1395 1901 et
1416 1859 1698 1917 tranquillum
1719 1860 1871 1903 matri-

412 1927 610 1969 monium
642 1925 740 1968 fuit.
805 1926 985 1969 Liberos
1016 1927 1132 1970 haud
1157 1928 1289 1970 dubie
1319 1928 1510 1985 reliquit,
1531 1937 1576 1972 et
1606 1944 1662 1972 ex
1694 1930 1763 1983 iis,
1785 1929 1869 1973 nisi

412 1996 667 2053 conjectura
698 1995 837 2048 fallor,
870 1996 1000 2054 longo
1035 1997 1262 2040 intervallo
1293 2009 1499 2056 nepotem
1531 1998 1600 2042 M.
1630 1998 1867 2043 Claudium

411 2066 630 2118 Tacitum,
652 2066 726 2122 qui
751 2076 900 2122 postea
924 2065 1039 2123 Imp.
1062 2067 1304 2125 appellatus
1326 2078 1392 2110 est
1410 2069 1493 2123 (sic
1514 2063 1630 2111 enim
1650 2083 1751 2112 eum
1774 2067 1866 2112 Im-

410 2146 654 2194 peratorem
690 2136 855 2177 nummi
893 2137 1128 2193 appellant,
1158 2152 1244 2179 non
1288 2147 1337 2180 ut
1366 2138 1539 2196 vulgus,
1577 2137 1629 2181 P.
1665 2137 1866 2182 Annium

410 2205 632 2256 Tacitum)
649 2205 741 2261 qui,
763 2215 811 2246 ut
834 2205 898 2247 Fl.
918 2206 1132 2263 Vopiscus
1155 2206 1300 2260 refert,
1320 2217 1543 2265 parentem
1565 2221 1691 2250 suum
1714 2207 1865 2265 appel-

410 2275 499 2317 lare
516 2275 635 2316 hunc
655 2273 858 2316 Tacitum
883 2275 1066 2318 solebat.
1127 2275 1340 2319 Historias
1363 2276 1605 2319 scribendae
1637 2291 1770 2319 senex
1794 2276 1869 2320 de-

411 2360 531 2387 mum
546 2344 731 2396 vacavit,
744 2358 841 2386 cum
868 2345 1080 2401 reliquum
1103 2347 1247 2388 aetatis
1264 2347 1308 2388 in
1331 2345 1427 2388 foro
1444 2355 1488 2388 et
1505 2346 1669 2389 caussis
1691 2346 1872 2390 orandis

411 2414 586 2471 egisset.
620 2412 687 2454 Ex
707 2412 837 2455 Plinii
857 2414 1069 2471 epistolis,
1082 2425 1126 2457 et
1138 2414 1343 2458 Tacitum
1365 2415 1408 2457 in
1431 2416 1704 2473 principibus
1719 2424 1869 2459 orato-

411 2484 530 2526 ribus
545 2482 691 2533 fuisse,
705 2491 748 2524 et
761 2483 978 2525 orationes
996 2483 1162 2540 aliquot
1175 2484 1360 2527 edidisse
1378 2483 1678 2542 intelligimus.
1699 2483 1867 2542 AEqua·

408 2554 469 2595 les
483 2552 652 2603 habuit,
663 2552 845 2594 Fabium
862 2553 1470 2611 Quinctilianum,utrumque
1482 2553 1869 2607 Plinium,Julium

410 2622 604 2673 Florum,
618 2621 883 2674 Secundum,
897 2622 1166 2676 Maternum,
1187 2623 1255 2666 M.
1273 2623 1456 2681 Aprum,
1474 2623 1655 2681 Eprium
1676 2622 1868 2666 Marcel-

409 2691 514 2744 lum,
534 2691 791 2747 Vipsanium
816 2691 1081 2735 Messallam.
1143 2693 1329 2750 Scripsit
1351 2693 1541 2750 primum
1562 2693 1775 2745 omnium,
1800 2692 1865 2735 uti

408 2771 511 2819 post
551 2761 734 2812 docebo,
770 2760 1065 2804 Historiarum
1108 2763 1241 2805 libros
1273 2764 1327 2805 ab
1360 2777 1542 2805 excessu
1587 2762 1778 2805 Neronis
1809 2761 1866 2804 ad

410 2831 639 2888 imperium
665 2830 838 2873 Nervae.
901 2831 1073 2874 Deinde
1094 2831 1284 2874 Annales
1316 2834 1370 2875 ab
1392 2832 1583 2890 Augusti
1606 2846 1787 2874 excessu
1807 2830 1864 2873 ad

413 2902 539 2945 finem
574 2899 788 2953 Neronis:
819 2901 1223 2957 quorumomnium
1246 2911 1409 2958 quanta
1433 2902 1612 2958 jactura
1633 2910 1676 2947 et
1706 2900 1866 2958 quibus
