1956 3250
503 172 550 214 14
1048 175 1406 219 ANN‘ALIUM

386 294 427 324 A.
444 290 488 323 U.
501 278 744 338 aperuisse,
764 279 880 323 illam
914 280 1076 325 Liviae:
1115 295 1298 338 gnarum
1330 281 1374 323 id
1407 275 1602 327 Caesari:
1642 278 1953 342 neque'm'ulto

400 335 442 368 76

393 378 435 410 A.

444 338 478 410 ⁷6
505 346 603 404 post
621 339 841 380 exstincto
861 338 1081 391 Maximo,
1093 339 1295 394 (dubium
1315 354 1368 380 an
1387 340 1572 396 quaesita
1586 340 1763 395 morte,)
1780 343 1952 386 auditos

414 401 548 455 14.'¹¹¹
589 396 739 439 funere
779 396 873 453 ejus
915 396 1099 439 Marciae
1138 397 1342 454 gemitus,
1383 406 1519 440 semet
1557 398 1811 453 incusantis,
1843 401 1955 468 quod

500 469 641 497 caussa
663 454 780 497 eoeitii
800 454 948 496 marito
955 453 1124 512 fuisset.
1187 454 1419 512 Utcunque
1441 470 1485 497 se
1505 470 1555 498 ea
1576 471 1642 500 res
1662 458 1834 510 habuit,
1855 473 1956 503 vix*

489 513 605 555 dum
634 515 852 571 ingressus
885 511 1108 568 Illyricum
1139 511 1355 565 Tiberius,
1386 514 1581 571 properis
1612 517 1761 559 matris
1795 515 1951 560 litteris

499 571 681 613 accitur.
713 584 852 627 neque
887 571 989 612 satis
1019 580 1291 627 compertum
1321 580 1401 623 est,
1424 574 1659 629 spirantem
1689 574 1836 618 adhuc
1857 574 1953 617 Au*-

499 638 677 686 gustum
698 630 813 686 apud
844 628 995 670 urbem
1023 627 1197 680 Nolam,
1228 643 1283 670 an.
1314 630 1558 672 exanimem
1590 633 1809 689 repererit.
1839 633 1952 675 acri-

498 688 580 729 bus
602 701 787 743 namque
816 686 1026 728 custodiis
1053 686 1229 728 domum
1251 697 1296 728 et
1318 687 1408 728 vias
1440 697 1629 746 sepserat
1659 688 1805 734 Livia:
1837 690 1951 733 laeti-

490 756 583 802 vque
605 744 819 786 interdum
843 744 984 786 nuntii
1008 744 1311 802 vulgabantur‚
1332 744 1486 799 donec,
1511 746 1693 804 provisis
1715 762 1814 804 quae
1837 757 1950 790 tem-

456 803 580 859 »2pus
613 803 832 853 mouebat,
855 801 981 844 simul
1013 803 1249 844 excessisse
1277 802 1527 861 Augustum
1558 815 1602 846 et
1640 819 1782 848 rerum
1813 806 1943 864 potiri

502 860 739 912 Neronem,
757 860 872 902 fama
893 859 1042 902 eadem
1065 860 1180 903 tulit.

454 915 489 958 6
559 916 754 961 Primum
785 918 951 960 facinus
981 918 1084 960 novi
1115 918 1383 976 principatus
1408 919 1492 962 fuit
1515 919 1948 980 PostumiAgrippae

496 976 665 1019 caedes:
694 990 821 1033 quem
843 976 1042 1033 ignarum
1058 976 1356 1033 inermumque
1374 978 1571 1034 quamvis
1588 978 1784 1022 firmatus
1801 981 1948 1023 animo

496 1034 693 1077 centurio
716 1048 832 1091 aegre
854 1034 1058 1076 confecit.
1107 1034 1231 1077 Nihil
1252 1034 1305 1076 (le
1324 1049 1375 1076 ea
1394 1050 1439 1078 re
1456 1034 1656 1079 Tiberius
1677 1037 1791 1094 apud
1815 1037 1950 1081 Sena-

495 1101 590 1135 tum
610 1092 812 1135 disseruit
830 1109 840 1134 :
873 1092 1007 1148 patris
1023 1091 1146 1148 jussa
1167 1091 1411 1146 simulabat,
1434 1094 1591 1150 quibus
1612 1095 1950 1153 praescripsisset

494 1149 706 1202 Tribuno,
730 1150 940 1192 custodiae
972 1150 1190 1207 apposito,
1212 1165 1260 1192 ne
1283 1157 1542 1194 cunctaretur
1562 1152 1796 1210 Agrippam
1822 1161 1950 1198 morte

493 1208 663 1264 qfficere,
695 1207 933 1264 quandoque
963 1207 1043 1264 ipse
1081 1223 1309 1265 supremum
1348 1207 1459 1251 diem
1496 1209 1739 1266 explevisset.
1800 1210 1950 1256 Multa

493 1269 586 1308 sine
607 1266 742 1309 dubio
774 1280 973 1321 saevaque
996 1265 1221 1323 Augustus
1243 1266 1296 1308 de
1319 1268 1513 1310 moribus
1536 1267 1822 1312 adolescentis
1842 1283 1947 1326 que-

492 1333 599 1376 stus,
630 1333 678 1366 ut
708 1324 910 1367 exsilium
933 1322 1027 1380 ejus
1060 1325 1446 1367 Senatusconsulto
1475 1325 1725 1380 sanciretur,
1785 1326 1947 1371 erfece-

490 1391 588 1425 rat:
631 1391 823 1425 ceterum
854 1381 900 1423 in
930 1381 1086 1425 nullius
1128 1396 1320 1439 unquam
1356 1398 1532 1426 suorum
1560 1397 1712 1428 necem
1774 1385 1948 1441 uravit3

490 1490 654 1522 abdicatio
669 1490 823 1523 Postumi
835 1489 993 1530 Agrippoe
1013 1493 1083 1529 post
1097 1489 1197 1530 adop-

491 1534 624 1571 tionem,
641 1533 839 1564 desiderium
855 1536 931 1572 post
948 1533 1194 1572 relegationem,

489 1576 567 1606 inde
585 1576 723 1617 suspicio
743 1577 780 1606 in
802 1575 956 1611 Fabium,
978 1585 1196 1606 arcanorum-

490 1628 553 1659 que
566 1619 780 1659 proditiones.
809 1617 904 1649 Lus.
949 1617 988 1648 ln
1011 1617 1082 1656 illo,
1100 1627 1196 1649 censa

490 1666 550 1700 est,
576 1661 771 1703 explicando
797 1660 868 1692 falli
896 1669 1064 1691 summum
1086 1660 1195 1692 virum

490 1705 682 1736 monuimus
703 1704 839 1736 Observ.
861 1705 895 1741 4,
918 1705 950 1734 3.
979 1710 1063 1735 extr.
1086 1703 1198 1735 Giton.

489 1745 603 1778 Etiam
637 1747 774 1779 verbum
802 1746 986 1786 peragrari
1021 1745 1196 1778 subtraxit.

489 1787 674 1822 Ruhnken.
697 1789 739 1821 ad
752 1789 917 1820 Velleium
930 1790 963 1825 2,
974 1792 1027 1824 97.

537 1833 572 1864 C.
601 1833 742 1864 Novum
770 1831 821 1872 id]
854 1831 997 1863 Pridem
1022 1831 1194 1864 emendavi

490 1875 697 1915 firmavique,
714 1875 873 1907 'Gnarum
890 1874 928 1906 id
945 1873 1076 1906 Coesari.
1121 1874 1193 1906 Caii

490 1917 575 1950 Navi
605 1918 698 1950 nulla
723 1927 863 1958 persona
883 1921 936 1948 est
964 1916 999 1947 in
1022 1915 1083 1948 hoc
1103 1922 1192 1949 actu.

490 1961 544 1992 Sic
559 1962 592 1998 6,
609 1961 661 1992 46.
703 1961 857 1992 Gnarum
878 1960 916 1991 id
941 1959 1074 1991 Coesari.
1096 1970 1193 2000 eoque

489 2004 653 2035 dubitavit
679 2004 719 2034 de
740 2002 910 2039 ‚tradenda
931 2012 968 2033 re
985 2002 1066 2043 pub.
1086 2005 1115 2040 1,
1138 2005 1190 2036 51.

496 2046 651 2078 Gnarum
663 2046 699 2076 id
722 2046 809 2078 duci.
831 2045 1022 2086 incessitque
1034 2046 1147 2076 itineri
1161 2049 1192 2076 et

482 2090 612 2129 proelio.
656 2088 720 2120 Sed
734 2099 823 2126 ecce,
837 2088 924 2120 hanc
938 2087 1018 2119 mihi
1033 2088 1125 2127 quasi
1137 2087 1192 2120 de·

489 2141 646 2173 sponsam
676 2133 916 2172 conjecturam,
943 2134 1007 2169 est,
1037 2134 1093 2170 qui
1122 2131 1193 2162 sine

489 2173 561 2206 ullo
574 2174 716 2206 divortio
730 2174 810 2206 velit
824 2173 995 2206 abducere.
1033 2173 1106 2214 Ego
1118 2183 1194 2205 vero

489 2226 558 2248 uon
585 2217 731 2249 dimitto.
758 2227 819 2248 nee
853 2217 942 2248 enim
977 2215 1038 2246 soli
1071 2217 1195 2248 Ati-idm

488 2269 608 2302 uxores
621 2269 696 2292 suas
709 2265 836 2297 amant,
848 2259 896 2291 ait
910 2259 978 2290 ille.
1002 2258 1093 2291 Lirs.
1117 2259 1194 2290 Mu-

487 2306 598 2334 retum
623 2303 735 2343 tangit
759 2303 802 2334 ob
823 2302 865 2334 V.
888 2302 928 2333 L.
955 2304 1005 2339 ll,
1032 2305 1060 2333 l.
1097 2302 1194 2334 Conf.

488 2347 660 2386 utriusque
681 2345 836 2387 epistolas
858 2344 892 2375 in
914 2344 1040 2375 Mureti
1054 2344 1139 2386 Opp.
1153 2345 1194 2377 T.

491 2391 520 2419 1.
543 2398 575 2429 p.
591 2391 664 2424 537.
688 2393 724 2420 et
738 2389 880 2428 require,
894 2387 921 2418 si
936 2391 1044 2428 potes,
1058 2388 1194 2419 urbani-

489 2435 596 2463 tatem
607 2431 742 2463 illorum
756 2434 958 2472 temporum.

530 2474 679 2515 ‚Quaesita
695 2473 812 2514 morte]
853 2472 965 2510 Illata,
979 2476 1014 2504 et
1029 2472 1188 2511 violenta,

487 2515 732 2558 machinatione
746 2516 899 2556 Augusti.
930 2515 1021 2547 st.
1062 2516 1189 2547 Volun-

486 2559 585 2596 tax-ia,
601 2565 720 2601 sponte
732 2562 877 2600 sumpta,
891 2562 930 2589 ut
945 2558 1027 2590 bene
1039 2557 1187 2590 Freinsh.

502 2637 506 2643 ‚
525 2601 582 2632 An
595 2601 796 2641 exanimem]
843 2601 938 2632 Prius
958 2601 1097 2632 tradunt
1111 2601 1189 2632 Vel-

484 2643 568 2678 leius
583 2647 617 2682 2,
636 2647 706 2678 1523.
729 2646 821 2675 Suet.
838 2643 922 2684 Aug.
932 2646 984 2678 98.
1000 2643 1187 2676 etTib.21.

483 2686 550 2719 Dio
569 2687 623 2725 56,
638 2689 691 2719 31.
712 2695 901 2727 quanquam
924 2685 977 2718 hic
994 2685 1189 2728 prudentius

486 2729 629 2762 dubitat.

526 2772 668 2804 Acribus
680 2771 845 2811 custodiis]
865 2770 1032 2809 Heinsius,
1042 2771 1077 2802 in
1089 2771 1186 2803 Misc.

485 2814 566 2847 Obs.
582 2815 657 2846 vol.
671 2814 732 2846 IX.
747 2824 780 2855 p.
796 2816 870 2846 282.
892 2814 1090 2845 emendabat
1102 2815 1187 2845 arti-

485 2858 614 2889 oribus.-
635 2856 723 2898 quod
744 2861 794 2887 est
817 2857 969 2896 frequens
985 2856 1084 2895 hujus
1099 2856 1188 2887 verbi

484 2900 672 2942 epitheton,
683 2903 722 2931 ut
737 2899 781 2930 ibi
795 2899 904 2936 docet,
917 2902 1190 2939 pei-mutaturque

484 2953 561 2979 eum
582 2944 692 2979 aee-ior
713 2953 767 2986 ap.
781 2942 953 2975 Justinum
968 2944 1023 2982 38,
1036 2945 1070 2979 9.
1091 2946 1190 2983 atque

1240 1492 1391 1520 nostrum
1406 1492 1439 1527 3,
1458 1492 1510 1523 28.
1534 1495 1574 1522 ut
1587 1491 1811 1524 videtur'viris
1827 1492 1945 1526 docum

1240 1531 1316 1568 Sed,
1336 1533 1414 1572 quia
1435 1538 1549 1565 tamen
1571 1543 1649 1565 acre
1670 1535 1801 1576 proprie
1822 1535 1947 1568 dicimi-

1238 1574 1278 1605 de
1292 1573 1466 1614 diligentia
1477 1581 1513 1608 et
1528 1577 1624 1609 rebus
1639 1577 1692 1615 iis,
1711 1577 1746 1609 in
1761 1577 1879 1618 quibus
1894 1578 1946 1610 di-

1238 1616 1378 1657 ligentia
1413 1623 1596 1659 spectatur,
1626 1620 1698 1652 sine
1733 1619 1826 1653 libris
1861 1621 1956 1659 nihii

1239 1664 1345 1708 muto.
1369 1660 1423 1691 Sic
1437 1660 1470 1698 6,
1490 1664 1538 1696 17.
1555 1666 1773 1703 opponuntur
1783 1663 1877 1696 aer-ia
1890 1664 1945 1695 in·

1239 1703 1303 1733 etia
1316 1707 1347 1734 et
1360 1703 1644 1746 incuriosmfinb.
1675 1705 1764 1738 ERN.
1806 1706 1860 1738 De
1871 1706 1945 1738 vul·

1238 1748 1318 1785 gato
1347 1754 1446 1777 nemo
1467 1747 1626 1787 ambigat.
1669 1746 1767 1790 Apud
1787 1747 1861 1785 Liv.
1887 1752 1944 1788 39,

1242 1791 1290 1822 19.
1313 1792 1364 1842 est
1385 1789 1533 1821 custodia
1552 1790 1722 1830 intentior,
1744 1801 1824 1824 voce
1843 1790 1944 1835 plano

1237 1843 1396 1872 τννωννμῳ.
1873 1854 1881 1863 ⁷

1275 1876 1444 1912 Centurio.
1459 1882 1547 1915 oegre
1560 1874 1712 1917 confecit]
1739 1875 1769 1908 A
1790 1875 1873 1908 Trib

1235 1917 1448 1949 interfectum
1484 1919 1664 1950 Suetonius
1695 1919 1802 1950 voluit
1829 1929 1858 1952 c.
1886 1921 1942 1953 22.

1236 1960 1300 1992 Sed
1324 1960 1390 1992 Dio
1413 1963 1467 1999 57,
1495 1963 1529 1992 3.
1557 1961 1683 2003 pariter
1705 1966 1746 1993 ut
1772 1966 1899 2000 noster,
1920 1973 1944 1996 a.

1236 2003 1450 2035 centurione.
1495 2003 1601 2037 Credo
1621 2013 1740 2036 verum
1761 2013 1843 2043 esse,
1860 2009 1898 2036 ut
1921 2014 1943 2038 a

1235 2046 1439 2086 Centurione
1460 2047 1586 2077 occisus
1608 2047 1666 2084 sit,
1688 2050 1725 2079 at
1741 2047 1839 2088 jussu
1863 2047 1942 2080 Tri-

1234 2087 1326 2119 buni.
1358 2089 1448 2121 Lu‘s.
1487 2088 1616 2130 AEgre,
1629 2089 1803 2122 obnitente
1817 2099 1943 2132 preva-

1235 2130 1302 2162 lido
1317 2131 1465 2171 homine,
1480 2138 1528 2170 et,
1544 2138 1707 2174 quantum
1721 2132 1818 2164 nudis
1833 2133 1947 2164 niani*

1237 2173 1296 2205 bus
1310 2176 1548 2213 poterat,ictus
1563 2174 1737 2207 reddente:
1752 2174 1873 2213 Annal,
1888 2175 1941 2215 16,

1238 2220 1269 2251 9.
1298 2217 1393 2248 Falso
1407 2217 1579 2249 Broterius
1593 2217 1848 2250 misericordiam
1863 2227 1943 2250 oen·

1235 2260 1377 2290 tui-ionis
1395 2261 1575 2300 cogitabat.
1612 2259 1768 2292 Ceterum
1772 2260 1942 2302 firmat-u

1236 2312 1255 2333 a
1270 2302 1427 2333 Sallustio
1443 2313 1518 2334 cum
1537 2302 1642 2343 genit.
1663 2302 1771 2334 animi
1788 2308 1943 2336 constru-

1238 2349 1330 2375 ctum
1353 2350 1437 2383 erat,
1460 2350 1545 2376 teste
1567 2347 1664 2377 Aras.
1683 2345 1804 2377 Messio
1825 2345 1940 2378 libello

1237 2386 1388 2419 Elocutt.
1426 2387 1534 2428 Quam
1549 2398 1642 2421 rarus
1655 2396 1772 2420 nostro
1784 2388 1940 2431 scriptori

1236 2430 1280 2460 sit
1295 2429 1458 2461 ablativus
1480 2430 1515 2461 in
1530 2430 1593 2462 hoc
1609 2440 1741 2472 genere,
1756 2429 1863 2463 Index
1880 2431 1940 2464 (lo-.-

1236 2472 1335 2504 cebit.

1273 2515 1492 2557 Quandoque]
1525 2518 1580 2549 Sic
1594 2525 1671 2549 cum
1685 2516 1757 2548 Jae.
1769 2516 1874 2555 Gron,
1887 2525 1940 2550 rei·

1231 2567 1354 2598 ponere
1368 2567 1436 2589 nou
1452 2559 1613 2597 dubitavi,
1629 2568 1704 2591 cum
1723 2559 1834 2591 Codex
1854 2559 1939 2591 ecri-

1231 2604 1309 2641 ptus
1323 2602 1370 2632 sic
1381 2601 1515 2640 habeat,
1529 2602 1616 2642 quod
1629 2599 1824 2639 Beroaldus,
1836 2607 1877 2633 ut
1889 2601 1939 2632 vi·
1954 2635 1956 2638 ,

1231 2644 1367 2680 tiosum,
1382 2646 1539 2682 mutavit,
1551 2643 1743 2685 sequacibus
1756 2643 1938 2676 editoribus
1948 2641 1956 2663 *¹

1231 2686 1477 2726 posterioribus.
1515 2687 1619 2719 Bonae
1632 2689 1746 2719 autem
1758 2685 1938 2719 latinitatis

1229 2737 1299 2759 esse
1313 2729 1505 2770 quandoque
1526 2739 1586 2771 pro
1607 2728 1864 2771 quandocunque
1876 2727 1938 2760 do-
1953 2751 1955 2754 ι

1229 2772 1299 2802 cuit
1315 2771 1415 2803 Gron.
1437 2772 1478 2803 ad
1493 2771 1565 2804 Liv.
1583 2775 1614 2811 l,
1628 2773 1682 2811 24,
1700 2774 1736 2803 et
1748 2771 1818 2807 alii.
1845 2769 1936 2804 Ent-
1953 2788 1955 2790 v

1233 2813 1325 2844 Prior
1352 2814 1399 2844 sic
1426 2815 1570 2846 correxit
1605 2815 1770 2847 Muretm.
1813 2813 1843 2846 A
1868 2822 1956 2854 quo.

1233 2860 1404 2930 sulmptum
1419 2857 1570 2897 fortasse,
1585 2857 1621 2889 in
1633 2860 1728 2890 textu
1750 2856 1853 2889 habet
1865 2858 1937 2889 Au·
1948 2877 1956 2885 ι

1234 2909 1268 2931 re
1284 2907 1346 2930 ius.
1613 2918 1615 2922 ι
1948 2907 1956 2929 12¹

1276 2941 1443 2983 Duravit]
1488 2941 1687 2982 Absolutum
1711 2940 1800 2976 verbi
1836 2943 1956 2980 muni
