1956 3250
385 110 474 164 xiv
884 68 1352 165 'rRAEFATm

381 249 631 303 typographia
658 249 718 300 (ut
746 249 880 299 exigua
906 255 993 289 sunt
1019 252 1182 292 onmium
1210 263 1335 295 rerum
1351 252 1558 303 principia)
1574 254 1742 314 nondum.
1769 258 1848 294 tam

379 319 458 357 late
469 317 612 355 radices
628 319 769 365 egerat,
782 320 827 353 ut
843 316 1113 354 ardentissimis
1123 317 1201 354 illis
1216 322 1261 355 ec
1272 330 1356 355 vere
1373 318 1503 367 Regiis
1517 320 1615 368 votis
1630 319 1850 371 satisfitcere

370 386 508 434 posset.
571 380 733 419 Istorum
759 393 911 430 operum
938 383 1159 427 correctioni
1183 386 1221 419 et
1249 383 1366 420 nitori
1396 384 1544 421 Naidas
1574 384 1751 432 Numine,
1779 389 1847 437 qui

376 451 562 487 nascentis
580 446 806 484 bibliothecae
823 445 900 494 ejus
919 447 1142 484 incunabula
1167 450 1326 495 quatuor
1348 450 1555 486 carminum
1579 449 1683 497 libris
1700 452 1846 497 cecinit,

376 514 519 563 aliique
535 511 738 561 multiplici
756 512 912 550 scientia
926 511 1107 561 perpoliti
1124 512 1199 548 viri
1216 512 1475 560 invigilabant.
1530 513 1650 551 Domi
1663 518 1847 566 praeterea

378 579 539 627 triginta
573 577 746 618 librarios
775 575 942 619 habebat,
962 578 1026 627 qui
1056 576 1167 613 libros
1195 577 1451 622 describerent,
1484 579 1750 630 pingerentque
1778 579 1845 634 sub

377 644 496 682 Felice
514 642 715 690 Ragusano
729 640 923 692 praefecto,
933 645 1034 686 teste
1052 642 1142 679 Nic.
1163 642 1291 679 Olaho
1309 642 1350 679 in
1369 642 1572 691 Hungaria
1588 655 1657 683 sua
1674 655 1708 685 c.
1726 648 1764 684 ⁵.

426 707 636 747 Florentiae
657 710 860 747 exaratum
887 719 970 744 esse
998 706 1172 744 codicem
1198 706 1326 744 Taciti
1355 711 1396 744 et
1423 720 1472 746 ex
1499 708 1668 760 antiquo
1688 709 1838 756 codice,

371 785 561 825 perquam
578 776 639 812 est
651 772 870 817 verisimile.
920 770 1064 810 Italam
1091 784 1253 810 manum
1281 772 1413 821 prodit
1440 773 1559 811 etiam
1578 785 1652 812 vox
1671 774 1845 829 Spagna,

373 851 460 890 quae
477 838 624 889 legitur
642 836 697 876 H.
715 837 765 883 V,
791 841 850 877 19.
903 836 1008 875 Ante
1027 849 1143 889 quam
1163 837 1288 886 prima
1304 837 1480 888 prodiret
1495 838 1618 876 editio
1634 839 1775 886 Taciti,
1795 853 1844 881 ex

365 904 487 956 praelo
505 902 697 953 Spirensis
716 901 869 941 Veneto
890 901 992 940 circa
1011 915 1046 940 a.
1068 906 1182 942 1469.
1201 904 1353 948 emissa,
1370 904 1559 954 scriptum
1577 915 1674 950 esse,
1693 904 1844 958 Brassi-

369 969 456 1009 oeni
469 967 584 1007 verba
598 967 776 1006 suadent.
802 968 931 1008 Quem
947 967 1122 1006 codicem
1137 968 1399 1018 antiquiorem
1417 968 1460 1006 in
1476 968 1730 1008 describendo
1748 975 1841 1010 ante

369 1034 503 1074 oculos
530 1033 711 1071 habuerit
736 1033 928 1078 librarius,
950 1044 1067 1071 nemo
1093 1032 1247 1071 dixerit.
1301 1032 1449 1071 Forsan
1465 1045 1567 1072 unus
1585 1034 1617 1072 is
1635 1037 1696 1074 est
1711 1046 1762 1087 ex
1777 1035 1841 1082 iis,

369 1099 438 1150 qui
454 1103 598 1148 praeter
615 1097 891 1136 Corbeiensem
918 1101 1123 1137 servantur
1139 1098 1364 1143 Florentiae,
1384 1110 1461 1150 qua
1477 1098 1525 1137 de
1542 1111 1586 1138 re
1603 1110 1710 1139 nunc
1726 1100 1840 1142 facile

366 1163 488 1203 fuerit
508 1160 700 1211 judicare,
730 1167 937 1213 postquam
963 1163 1183 1201 adcuratius
1210 1162 1388 1201 lectionis
1415 1163 1608 1202 Budensis
1634 1164 1799 1218 varietas
1816 1178 1843 1205 a

366 1240 433 1268 me
450 1232 512 1267 est
527 1228 707 1272 indicata.
761 1227 912 1266 Mirum
941 1228 1062 1266 videri
1090 1227 1254 1266 omnino
1273 1227 1405 1272 debet,
1426 1228 1600 1267 codicem
1616 1229 1840 1276 Budensem

365 1306 469 1344 saepe
495 1305 586 1332 cum
614 1293 845 1333 Florentino
872 1297 916 1330 et
935 1292 1107 1331 editione
1127 1292 1302 1343 principe
1321 1293 1554 1344 conspirare.
1609 1293 1774 1341 verum,
1792 1300 1842 1337 ut

365 1359 473 1400 idem
490 1358 539 1397 de
560 1357 881 1408 Guelferbytano,
901 1356 1105 1403 Vaticano,
1125 1357 1319 1409 Agricolae
1338 1357 1534 1397 codicibus
1551 1357 1678 1399 adseri
1695 1364 1842 1414 potest,

362 1424 417 1463 sic
435 1428 572 1462 contra
587 1423 781 1461 in--multis
797 1422 847 1461 ab
865 1422 925 1461 his
942 1426 984 1461 et
999 1422 1228 1462 Florentino
1247 1427 1288 1460 et
1300 1422 1471 1462 editione
1488 1424 1616 1474 prima
1632 1424 1833 1472 dissidere,

362 1492 501 1528 notata
528 1492 662 1526 nostra
687 1488 780 1526 satis
807 1499 999 1540 superque
1027 1487 1237 1526 declarant.
1281 1487 1344 1525 Eo
1371 1492 1550 1539 spectant
1567 1489 1672 1528 inter
1687 1490 1764 1529 alia
1781 1490 1837 1530 H.

364 1552 443 1598 111,
473 1556 538 1596 47.
574 1553 803 1592 contemtia&
857 1556 921 1591 51.
944 1553 1120 1605 flagitii..
1172 1555 1236 1590 54.
1263 1552 1434 1604 referret.
1485 1552 1557 1600 lv,
1577 1557 1615 1592 6.
1643 1559 1840 1594 certatum.

363 1617 516 1656 Similia
542 1618 603 1655 his
633 1618 682 1656 de
709 1617 905 1657 codicibus
936 1618 1124 1656 Vaticano
1153 1629 1306 1670 quoque
1324 1623 1366 1656 et
1383 1618 1627 1666 Florentino,
1647 1631 1739 1662 cum
1756 1621 1838 1660 edi·

363 1683 472 1720 tione
490 1682 667 1733 principe
685 1683 849 1729 collatis,
870 1683 993 1722 refert
1010 1683 1227 1722 Ernestius.

415 1746 545 1797 Atque
570 1747 656 1785 hoec
681 1747 869 1786 hactenus
896 1748 944 1786 de
972 1751 1088 1787 aetate
1119 1752 1161 1786 et
1195 1749 1428 1788 auctoritate
1463 1751 1603 1790 codicis
1638 1752 1832 1791 Budensis.

363 1811 592 1849 Proximum
619 1816 693 1855 est,
721 1815 770 1849 ut
797 1811 864 1863 qui
891 1813 1039 1852 factum
1064 1813 1130 1858 sit,
1160 1817 1206 1851 ut
1235 1813 1276 1850 in
1306 1819 1457 1854 nostras
1484 1818 1706 1867 perveniret
1733 1830 1834 1862 oras,

360 1875 615 1926 inquiramus.
670 1875 809 1914 Jacobi
835 1877 1035 1930 Spiegelii,
1065 1878 1354 1918 Selestadiensis
1376 1880 1398 1916 J
1405 1881 1449 1919 C.
1477 1894 1560 1920 aevo
1576 1895 1649 1922 suo
1666 1883 1834 1922 celeber·

360 1939 466 1985 rimi,
486 1941 553 1992 qui
579 1939 853 1980 Maximiliano
882 1943 1026 1982 Caesari
1045 1957 1070 1981 a
1096 1953 1217 1983 manu
1234 1948 1320 1983 erat
1336 1949 1377 1983 et
1394 1947 1578 1994 consiliis,
1597 1948 1731 1995 fuisse,
1751 1948 1834 2000 epi-

359 2004 509 2056 graphe
517 2005 675 2044 laudata
685 2005 870 2046 Rhenani
880 2008 1008 2054 docet,
1030 2010 1097 2060 qui
1115 2009 1223 2048 istius
1242 2010 1348 2049 dono
1365 2023 1457 2050 eum
1474 2012 1678 2063 acceptum
1696 2014 1831 2054 refert.

363 2069 558 2121 Spiegelio
585 2075 732 2118 autem,
753 2072 834 2124 qui,
853 2078 901 2111 ut
921 2074 1001 2123 ipse
1020 2075 1060 2111 in
1078 2074 1310 2126 Praefatione
1329 2077 1379 2114 ad
1395 2077 1529 2116 Jacobi
1551 2079 1831 2131 Wimphelingii

360 2136 662 2184 expurgationem
696 2141 842 2183 narrat,
870 2150 905 2176 a.
937 2142 1052 2177 1514.
1094 2139 1249 2179 Budam
1276 2141 1473 2188 inviserat,
1501 2155 1526 2182 a
1553 2143 1750 2184 uladislao
1777 2143 1833 2183 11.

360 2199 474 2251 Rege
500 2200 667 2239 traditus
693 2201 811 2241 fuisse
837 2203 1002 2243 videtur.
1056 2204 1224 2251 Scilicet,
1251 2206 1356 2258 quod
1383 2207 1562 2247 observat
1583 2209 1778 2249 Schierius
1799 2211 1834 2258 §-

359 2263 449 2303 vn.
466 2278 490 2303 a
506 2269 636 2305 morte
663 2266 850 2306 Matthiae
876 2267 1125 2316 bibliotheca,
1149 2283 1266 2323 quam
1282 2284 1438 2311 summo
1455 2273 1586 2312 studio
1603 2275 1832 2326 collegerat,

357 2330 502 2369 sensim
518 2330 692 2370 defluere
710 2333 832 2383 coepit
849 2333 1001 2373 incuria
1027 2335 1122 2373 dicti
1139 2335 1261 2388 Regis
1281 2337 1467 2376 Uladislai
1486 2336 1645 2392 ejusque
1663 2341 1734 2379 filii
1751 2340 1834 2380 Lu-

358 2393 497 2439 dovici,
517 2395 597 2446 qui,
614 2395 838 2436 litterarum
854 2398 992 2438 studiis
1010 2412 1149 2450 parum
1177 2402 1374 2448 innutriti,
1394 2402 1518 2443 doctis
1536 2405 1627 2443 viris
1645 2417 1695 2444 co
1710 2405 1832 2446 adflu-

358 2458 515 2498 entibus
532 2460 794 2510 gratificat-„uri
812 2464 997 2513 praeclara
1007 2466 1134 2504 omnis
1144 2467 1300 2518 generis
1317 2480 1451 2519 opera,
1465 2470 1690 2520 praesertim
1699 2476 1838 2511 aueto-

356 2533 449 2562 rum
476 2529 652 2563 veterum
679 2526 941 2575 classicorum,
960 2529 1007 2567 iis
1025 2542 1262 2578 concessere,
1283 2534 1386 2585 quod
1404 2536 1588 2586 exemplo
1605 2537 1834 2588 cuspiniani

357 2587 600 2640 aliorumque
613 2589 808 2630 Schierius
825 2594 1010 2640 ostendit,
1024 2596 1091 2648 qui
1108 2596 1208 2635 hanc
1225 2599 1393 2648 primam
1404 2599 1576 2639 Budensi
1586 2601 1833 2643 bibliothecae

361 2651 514 2692 cladem
531 2653 695 2693 inlatam
714 2657 904 2708 queritur,
923 2659 1095 2713 falsoque
1113 2665 1242 2701 totam
1259 2662 1342 2713 ejus
1360 2664 1455 2703 labis
1473 2677 1646 2706 caussam
1663 2666 1714 2706 ad
1729 2666 1834 2708 'Pur-

296 2758 319 2766 ..
339 2727 426 2766 cos
446 2716 582 2756 referri
601 2718 728 2761 docet.

411 2766 607 2835 Quicquid
623 2784 688 2830 sit,
699 2796 791 2842 usus
810 2787 899 2825 est
886 2799 929 2826 m
947 2788 1098 2828 edendo
1102 2790 1249 2830 Tacito
1261 2793 1435 2833 Budensi
1447 2795 1578 2834 codice
1596 2794 1827 2843 Rhenanus,

357 2856 484 2899 exque
510 2858 560 2887 eo
586 2848 713 2891 multa
736 2849 825 2892 loca
849 2853 1008 2907 egregie
1034 2856 1195 2898 sanitati
1211 2858 1399 2907 restituit,
1421 2861 1576 2902 etiamsi
1593 2863 1727 2915 negari
1745 2873 1827 2902 non
