1956 3250
367 144 525 193 xxviii
907 143 1366 197 PRAEFATIO.

369 276 651 325 accuratior
674 283 749 326 est
776 275 883 326 aliis
906 277 958 325 in
981 277 1351 342 distinguendis
1372 276 1539 327 verbis
1561 275 1762 340 degredi
1785 281 1838 326 et

363 353 574 416 digredi,
607 353 968 419 similibusque,
990 355 1254 413 consilium,
1275 355 1539 414 concilium,
1574 355 1840 411 dissidium,

363 426 612 477 discidium
629 449 643 476 .·
679 445 743 478 ex
767 429 946 494 quibus
970 429 1178 494 aliisque
1202 430 1444 482 similibus
1469 437 1626 492 patet,
1648 447 1678 480 e
1699 431 1838 484 bono

365 505 545 555 codice
570 508 778 555 ductum
795 523 912 556 esse
937 515 1150 556 textum.
1223 507 1397 572 Atque
1428 516 1486 557 ut
1507 520 1610 558 non
1635 523 1841 573 negem,

364 583 596 646 quaedam
631 598 738 631 esse
773 591 986 648 peccata
1013 596 1297 649 operarum,
1321 592 1378 633 ut
1401 585 1625 650 queritur
1659 584 1838 635 Frann.

366 656 689 717 Puteolanum,
723 667 893 721 tamen
932 659 1181 725 permulta
1221 661 1376 710 credo
1417 677 1482 710 ex
1515 660 1625 726 ipso
1661 661 1838 715 codiee

366 735 553 800 scripto
599 751 722 784 esse.
792 735 924 784 Nam
957 752 1005 783 v.
1041 750 1090 800 g.
1129 736 1228 794 XI,
1258 744 1332 788 17.
1361 737 1560 796 omissis,
1594 738 1697 795 sed,
1736 751 1835 802 pro

366 811 626 869 omisisset;
685 811 917 876 neglecta
961 811 1239 877 duplicatio
1282 812 1441 863 literae
1486 813 1539 862 in
1577 813 1742 877 peleoe,
1782 821 1836 865 et

365 886 522 935 multa
544 886 620 935 his
644 888 864 951 gemina,
888 887 1127 937 similiora
1149 888 1334 939 librarii
1363 896 1577 954 peccato
1599 889 1836 938 videntur

366 979 519 1028 quam
544 963 782 1023 editoris3
821 965 958 1029 quod
991 963 1218 1018 librarios
1243 966 1435 1015 centies
1458 966 1531 1014 sic
1553 966 1841 1031 peccavisse

364 1041 683 1091 observatum
720 1049 810 1090 est.
882 1040 1012 1092 Mox
1046 1043 1195 1090 alacte
1229 1058 1321 1108 pro
1356 1043 1535 1101 alacre,
1572 1043 1708 1094 silius
1747 1057 1841 1105 pro

343 1118 508 1181 filius,
541 1117 687 1166 facile
719 1125 954 1183 typorum
988 1126 1200 1183 peccata
1235 1135 1472 1184 agnosco.
1550 1119 1679 1176 Quae
1718 1135 1843 1185 prm,-

354 1202 503 1243 terea
538 1196 602 1243 de
637 1195 735 1243 hoc
776 1195 904 1243 libro
944 1196 1165 1245 dicenda
1201 1196 1383 1255 habeo,
1419 1213 1540 1245 mox
1576 1197 1676 1245 suis
1715 1196 1842 1247 locis

363 1271 696 1336 proferentur.
757 1271 922 1336 Hujus
951 1271 1065 1321 libri
1092 1273 1240 1338 copia
1264 1272 1387 1321 mihi
1413 1272 1533 1323 olim
1556 1272 1691 1324 facta
1714 1281 1792 1323 est
1813 1290 1843 1323 a

365 1348 412 1397 1.—
440 1349 498 1397 E.
527 1347 728 1414 Kappio
759 1348 825 1398 V.
860 1349 917 1398 C.
944 1365 1080 1399 nunc
1118 1366 1216 1414 ego
1258 1366 1322 1398 ex
1356 1349 1510 1414 ipsius
1544 1349 1840 1400 biblotheca

365 1433 554 1475 emtum
579 1426 758 1475 habeo.
803 1426 1044 1490 Ejusdem
1064 1426 1350 1491 exemplum
1367 1434 1443 1476 est
1459 1427 1511 1476 in
1529 1426 1841 1477 bibliotheca

366 1503 552 1552 Ducali
582 1502 996 1567 Guelferbytana.

415 1607 479 1646 De
505 1608 668 1648 raritate
693 1607 786 1646 libri
812 1608 872 1645 vel
901 1608 995 1647 hine
1024 1599 1202 1657 judicare
1235 1608 1343 1655 licet,
1373 1609 1481 1661 quod
1514 1609 1558 1647 in
1588 1609 1839 1650 distrahenda

362 1669 603 1709 bibliotheca
630 1670 753 1709 Ducis
777 1670 825 1709 de
852 1670 891 1708 le
918 1669 1087 1709 Valliere
1115 1672 1244 1722 pretio
1273 1675 1365 1714 740.
1382 1671 1573 1712 librarum
1601 1672 1841 1715 Gallicana

365 1738 427 1772 est
444 1734 643 1772 venditus.

433 1812 554 1862 Post
591 1812 722 1862 hanc
751 1812 1031 1877 principem
1067 1812 1341 1863 editionem
1374 1812 1659 1864 Maittarius
1684 1813 1746 1863 T.
1773 1814 1838 1865 V.

367 1891 421 1938 P.
458 1890 528 1937 ΙΙ.
559 1907 610 1956 p.
637 1896 749 1938 293.
783 1897 1142 1939 commemorat
1177 1890 1424 1939 editiones
1458 1890 1589 1940 Ven.
1622 1898 1763 1938 1484.
1789 1899 1842 1941 et

371 1968 520 2016 Rom.
565 1973 704 2015 1495.
741 1967 830 2015 sed
875 1966 982 2014 sine
1018 1974 1225 2016 auctore
1261 1983 1319 2015 ae
1355 1975 1518 2025 teste:
1562 1968 1700 2017 unde
1733 1967 1841 2032 ejus

366 2044 625 2093 traditioni
658 2060 835 2108 parum
870 2043 1052 2092 tribu0.
1123 2043 1236 2109 Ego
1259 2044 1463 2108 quidem
1486 2044 1715 2109 nuspiam
1738 2043 1842 2098 vidi

367 2138 539 2171 earum
583 2121 862 2170 editionum
910 2120 1219 2170 mentionem
1264 2135 1374 2171 eam
1419 2121 1546 2180 fieri,
1591 2122 1673 2173 oui
1717 2121 1842 2174 fides

366 2199 540 2249 haberi
561 2206 745 2264 posset.
817 2198 1015 2263 Lipsius
1039 2215 1190 2263 porro
1212 2198 1264 2247 in
1288 2198 1583 2265 praefatione
1605 2198 1842 2250 editionis

365 2278 540 2344 primae
584 2293 628 2324 a.
671 2283 811 2328 1574.
848 2275 936 2334 ait,
971 2292 1024 2324 se
1069 2292 1215 2324 usum
1260 2275 1516 2326 editionis*
1534 2275 1749 2327 Venetae
1793 2292 1839 2326 a.

369 2367 755 2402 cioccccxcnn.
777 2351 926 2400 factae
950 2352 1200 2417 exemplo.
1271 2352 1335 2401 In
1365 2368 1467 2418 quo
1500 2352 1541 2402 si
1574 2352 1701 2420 nihil
1731 2352 1842 2404 vitii

366 2430 521 2483 habet
572 2445 809 2478 numerus
859 2428 996 2487 anni,
1042 2445 1137 2478 nec
1185 2444 1570 2478 cioccccxcnn.
1616 2435 1695 2479 est
1747 2438 1842 2494 pro

361 2520 745 2573 fmcccccxcvrn
782 2518 893 2554 eam
929 2505 1205 2554 editionem
1239 2505 1428 2554 nemini
1473 2513 1658 2570 praeter
1699 2505 1838 2557 illum

359 2584 520 2641 ,visam
541 2590 762 2648 oportet,
786 2583 872 2648 qui
896 2581 1063 2631 Taciti
1095 2582 1342 2632 editiones
1366 2596 1838 2633 commemoravere.

366 2661 547 2727 >Itaque
581 2659 755 2711 licebit
787 2660 908 2708 mihi
932 2661 996 2708 de
1019 2659 1096 2708 his
1120 2659 1423 2709 editionibus
1446 2660 1695 2719 dubitare,
1717 2653 1840 2709 dum

364 2738 562 2796 idoneis
605 2736 727 2800 mihi
773 2736 1091 2785 documentis
1141 2738 1520 2801 persuadeatur,
1564 2737 1670 2786 istis
1712 2736 1839 2786 loeis

361 2802 527 2879 ,iisque
550 2814 692 2881 annis
716 2813 883 2862 Taciti
902 2812 1057 2862 iibros
1081 2813 1243 2862 editos
1268 2830 1389 2863 esse.
