1924 3236
386 155 464 190 35⁸
913 143 1316 189 ANNAL'IUMZ

282 264 321 298 Α.
337 256 380 296 u'.
394 252 495 294 teris
530 252 682 294 avibus
712 251 943 301 diversum,
973 249 1263 301 consentiunt,
1293 251 1366 306 qui
1399 250 1582 293 formam
1603 250 1698 307 ejus
1718 250 1824 294 defi-

287 310 382 383 Ᾰῗᾎ
395 310 525 352 niere.

306 393 362 424 34.

588 309 655 354 De
683 323 861 351 numero
883 321 1094 349 annorum
1116 306 1234 348 varia
1256 307 1493 349 traduntur.
1524 310 1714 350 maxime
1734 309 1824 351 vul·

394 377 542 425 gatum
564 368 900 424 quingentorum
931 365 1135 420 spatium.
1165 373 1279 415 sunt,
1311 364 1386 419 qui
1419 365 1683 418 adseverent,
1705 366 1822 408 milie

393 425 732 481 quadringentos
764 421 992 478 sexaginta
1024 435 1155 463 unum
1189 420 1402 476 interjici3
1435 422 1680 478 prioresque
1702 423 1825 466 alites

394 482 634 525 Sesostride
657 480 857 537 primum,
881 488 979 535 post
1011 477 1215 520 Amaside
1235 477 1576 531 dominantibus,
1597 481 1695 522 dein
1721 480 1826 522 Pto-

391 539 561 590 lemaeO,
581 537 655 594 qui
677 551 731 578 ex
760 535 1074 578 Macedonibus
1101 535 1251 576 tertius
1283 535 1496 592 regnavit,
1520 536 1561 576 in
1584 536 1822 589 civitatem,

392 598 464 639 cui
498 593 742 650 Heliopolis
772 607 945 644 nomen,
976 592 1258 644 advolavisse,
1281 592 1418 633 multo
1450 601 1686 635 ceterarum
1708 594 1827 636 volu-

393 667 515 695 crum
535 653 762 702 comitatu,
786 665 942 691 novam
976 649 1130 691 faeiem
1159 649 1425 691 mirantium.
1488 648 1571 691 Sed
1593 650 1828 706 antiquitas

394 710 570 766 quidem
601 710 815 751 obscura:
859 707 969 749 inter
1007 706 1291 748 Ptolemaeum
1333 721 1384 748 ac
1424 705 1646 748 Tiberium
1689 709 1829 749 minus

394 767 571 810 ducenti
604 765 922 822 quinquaginta
952 764 1053 805 anni
1090 763 1276 806 fuerunt.
1309 764 1421 805 unde
1454 763 1648 807 nonnulli
1673 763 1826 813 falsum

395 824 512 867 hunc
535 823 800 882 phoenicem,
817 836 956 878 neque
978 821 1167 863 Arabum
1190 835 1214 862 e
1235 821 1356 862 terris
1378 821 1611 873 credidere,
1633 821 1827 878 nihilque

396 881 669 938 usurpavisse
690 895 745 922 ex
771 880 852 930 his,
873 893 971 935 quae
1001 888 1123 920 vetus
1156 878 1364 919 memoria
1395 877 1597 919 firmavit.
1628 878 1830 921 confecto

395 939 557 996 quippe
575 951 783 980 annorum
806 950 997 987 numero,
1019 936 1091 976 ubi
1115 935 1525 991 mors'propinquet,
1547 935 1635 976 suis
1668 936 1712 977 in
1741 945 1831 978 tei·-

396 997 455 1037 ris
477 1007 639 1038 struere
660 995 825 1045 nidum,
854 993 981 1048 eique
1015 992 1101 1034 vim
1137 991 1638 1048 genitalem'adfundere,
1663 1007 1717 1034 ex
1747 1000 1833 1049 qua

396 1054 558 1096 foetum
588 1052 720 1094 oriri:
753 1059 794 1092 et
828 1051 1011 1107 primam
1044 1049 1191 1090 adulto
1229 1062 1376 1090 curam
1409 1047 1642 1104 sepeliendi
1678 1052 1831 1105 patris:

395 1125 536 1167 neque
563 1110 605 1151 id
634 1119 808 1160 temere,
841 1107 913 1149 sed
947 1106 1118 1149 sublato
1144 1105 1335 1148 murrhae
1362 1107 1563 1163 pondere,
1584 1115 1834 1164 tentatoque

392 1256 539 1298 faciem)
569 1260 601 1288 et
626 1257 772 1296 capitum
799 1261 954 1287 ornatum
981 1256 1095 1287 tradit.

397 1301 485 1331 Item
514 1300 660 1330 Graevius
687 1299 784 1339 epist.
808 1299 846 1329 ad
872 1298 987 1329 Heius.
1017 1303 1044 1329 t.
1062 1301 1095 1330 4.

397 1343 486 1373 (ἴου.
503 1342 616 1374 Burni.
630 1351 662 1382 p.
678 1343 750 1373 512.
787 1341 874 1372 ERN.
913 1341 1027 1372 Heius.
1042 1340 1097 1372 da-

398 1386 454 1416 bat
469 1385 590 1415 decore.

443 1427 596 1458 Formam
619 1425 688 1467 ejus
708 1424 873 1467 definiere]
898 1424 972 1456 MS.
996 1424 1096 1457 codex

397 1469 560 1511 dqffi'nere.
597 1470 654 1500 sed
691 1468 834 1503 literam,
862 1468 898 1504 d,
926 1477 946 1498 a
974 1468 1097 1499 recenti

396 1521 512 1549 manu,
527 1518 560 1542 et
573 1510 747 1551 legendum
768 1509 935 1551 effinxere,
956 1509 1099 1541 Pichena

398 1561 522 1584 censet.
566 1553 643 1584 Nun
673 1553 779 1583 credo.
829 1551 1003 1592 Effugere
1030 1562 1096 1583 non

397 1602 460 1634 est,
476 1604 514 1626 nt
527 1596 656 1635 opinor,
673 1595 862 1626 describere.
900 1593 983 1624 ERN.
1027 1593 1099 1635 Bip.

398 1638 582 1678 dqaeinoeere.
635 1638 758 1669 Verum
801 1636 936 1676 delinire
975 1640 1099 1667 veteres

399 1677 529 1720 quoque
548 1680 586 1710 de
610 1679 648 1710 iis
671 1679 801 1715 dixisse,
829 1688 902 1718 quae
929 1678 962 1708 in
989 1688 1100 1710 sensus

399 1723 536 1759 cadunt,
551 1733 590 1753 ex
605 1722 672 1753 Cic.
691 1727 759 1761 top.
777 1724 806 1752 5.
822 1720 918 1751 docet
938 1720 1019 1751 Hiil.
1034 1720 1099 1751 Ra-

399 1774 483 1796 cem.
498 1768 552 1795 33.
577 1764 667 1795 Idem
681 1763 838 1804 effingere
852 1773 910 1803 pro
926 1763 1102 1794 describere

400 1807 487 1846 apud
502 1807 570 1839 Cic.
583 1805 623 1837 ad
637 1806 784 1837 Herenn.
800 1808 831 1840 4,
841 1808 891 1840 49.
906 1807 1102 1846 poniosten-

399 1849 459 1879 dit.

403 1898 405 1901 ·
442 1891 709 1933 Qningentorum
722 1888 879 1929 spatium]
911 1889 961 1921 Cf.
977 1889 1099 1920 Seneca

398 1944 448 1974 ep.
466 1936 517 1964 42.
560 1933 650 1963 Mela
666 1935 698 1967 3,
715 1934 744 1962 8.

443 1975 627 2014 Sexaginta
653 1972 770 2013 unum]
795 1972 904 2004 Nimis
930 1973 1098 2004 minutum

400 2023 458 2048 :int
484 2020 649 2048 curiosum
678 2016 717 2046 de
746 2025 810 2046 uno
838 2024 939 2046 anno.
986 2014 1100 2053 Itaque

401 2060 553 2090 Muretus
587 2059 786 2090 sententiam
826 2057 991 2098 expedisse
1021 2056 1100 2086 mihi

400 2101 550 2133 videtur:
580 2101 776 2141 sexaginta.-
808 2108 912 2130 unum
934 2100 969 2130 in
991 2099 1100 2129 terris.

401 2140 518 2184 Neque
540 2145 627 2175 enirn
652 2141 831 2184 probabile,
850 2140 913 2172 hoc
932 2142 1102 2178 omissum,

402 2186 442 2216 de
454 2186 594 2217 unitate.
618 2185 707 2217 LrPs.
740 2184 830 2215 Idem
847 2184 954 2224 placet
969 2183 1104 2221 Ursino,

403 2227 576 2260 Pichenaez
606 2229 666 2258 nisi
681 2227 768 2267 qnod
782 2226 837 2256 ille
855 2226 987 2266 insuper
1001 2225 1105 2264 conji-

402 2271 486 2306 cit,e
500 2278 601 2302 cmx.
618 2271 741 2301 factum
758 2278 825 2300 esso.
844 2276 1007 2300 ciocmx.
1020 2266 1106 2306 quod

402 2313 541 2344 fortasse
563 2318 597 2344 et
619 2322 671 2353 ap.
697 2312 780 2343 i’lin.
795 2310 818 2342 l.
835 2322 862 2340 c.
879 2310 1102 2350 reponendum

402 2365 485 2393 esse,
513 2355 567 2386 ubi
598 2355 676 2385 :inni
713 2354 856 2384 eduntur
892 2360 995 2383 ncrx.
1039 2351 1102 2382 Sed

404 2398 580 2429 Salmasius
592 2397 632 2428 ad
647 2398 796 2428 Solinuin
812 2405 844 2435 p.
860 2397 933 2426 388.
944 2395 975 2425 b.
990 2394 1102 2434 vulga-

405 2443 477 2470 tum
519 2438 678 2476 defendit,
713 2437 935 2478 intelligitque
976 2446 1101 2467 annum

404 2490 563 2521 magnum
597 2481 818 2512 canicularem
856 2479 1099 2520 AEgyptiorum,

405 2525 461 2563 qui
475 2533 562 2555 anno
582 2523 757 2554 millesimo
780 2520 1101 2561 quadringentesimo

406 2568 613 2605 sexagesimo
635 2567 741 2606 primo
770 2564 1016 2602 circumagitur,
1046 2572 1104 2593 au-

406 2613 498 2639 ctore
512 2608 692 2639 Censorino
706 2618 734 2638 o.
755 2609 802 2637 18.
846 2605 942 2645 Apud
959 2605 1103 2636 Plinium

404 2650 535 2690 quidem
552 2651 573 2679 l.
586 2656 616 2680 c.
629 2649 784 2685 traditur,
801 2647 976 2679 Manilium
998 2652 1104 2678 statu-

404 2693 481 2729 isse,
494 2693 594 2722 vitam
611 2691 770 2731 phoenicis
788 2690 875 2721 {iniri
898 2689 977 2721 anni
992 2690 1104 2729 magni

404 2735 627 2765 conversione.
672 2733 708 2764 ld
730 2735 756 2764 si
780 2733 948 2773 probetur,
964 2740 1103 2771 sequen-

403 2777 454 2808 tia
468 2776 506 2808 de
522 2775 594 2807 aliis
618 2775 738 2806 debent
760 2774 874 2814 accipi.
910 2772 997 2804 Nam
1018 2774 1105 2805 inter

404 2819 541 2850 Amasin
555 2822 589 2848 et
603 2815 820 2849 Ptolemaeum
832 2816 1018 2855 Euergeten
1029 2819 1105 2846 tan·

404 2867 479 2892 turn
502 2860 645 2901 spatium
662 2859 819 2900 temporis
834 2867 900 2888 non
917 2857 1105 2890 intercedit.

404 2903 470 2934 Sed
491 2903 525 2934 in
549 2903 643 2935 rebus
674 2901 831 2935 fabulosis
861 2904 895 2932 et
921 2900 1105 2940 nugatoriis

1138 1254 1221 1286 nibil
1243 1254 1325 1286 certi
1357 1252 1490 1296 reperiri
1525 1256 1644 1294 potest.
1687 1251 1836 1286 videnda

1137 1299 1251 1334 etiam,
1267 1307 1340 1337 quae
1354 1296 1392 1328 de
1406 1296 1468 1327 hoc
1483 1296 1555 1327 loco
1577 1296 1723 1336 disputat
1745 1296 1834 1327 Peri-

1138 1340 1254 1371 zonius
1269 1341 1302 1370 in
1319 1340 1446 1379 Origin.
1461 1339 1595 1380 AEgypt.
1609 1348 1638 1369 c.
1660 1338 1707 1369 16.
1742 1337 1833 1371 Ean.

1139 1382 1199 1414 Nil
1221 1381 1274 1412 hic
1301 1381 1509 1413 mutandum.
1539 1380 1605 1412 ,De
1618 1378 1767 1421 tempore
1783 1381 1837 1414 hie

1138 1424 1245 1455 solum
1283 1424 1404 1464 agitur,
1440 1422 1526 1454 unde
1561 1421 1706 1454 alienum
1733 1422 1836 1455 videri

1138 1471 1248 1507 posset
1261 1466 1300 1498 de
1315 1465 1470 1507 phoenicis
1494 1465 1625 1495 unitate
1647 1462 1725 1504 quid
1747 1465 1835 1503 addi,

1135 1509 1243 1548 judice
1272 1509 1426 1539 Picbena.
1481 1506 1660 1538 Fabulosus
1686 1505 1742 1537 ille
1769 1507 1836 1539 ales

1140 1551 1300 1583 confictus
1322 1551 1450 1582 videtur
1465 1549 1504 1580 ad
1516 1548 1765 1587 significandam
1780 1559 1837 1590 pe-

1141 1594 1267 1624 riodum
1294 1593 1391 1623 istam
1419 1591 1597 1623 zodiacam.
1641 1591 1693 1622 Cf.
1722 1596 1839 1624 notata

1140 1636 1214 1677 Bip.
1247 1635 1299 1667 De
1313 1635 1462 1677 phoenice
1480 1633 1543 1664 vid.
1554 1637 1589 1664 et
1599 1631 1784 1664 Bochai-tus
1798 1634 1839 1666 de
1886 1628 1893 1632 ’

1142 1678 1274 1709 animai.
1286 1679 1317 1714 6,
1330 1681 1359 1709 5.

1185 1720 1361 1751 Sesostride
1370 1717 1535 1760 primum]
1566 1717 1619 1748 Sic
1632 1726 1672 1748 ex
1685 1715 1839 1748 emenda—

1142 1762 1233 1793 tione
1249 1762 1419 1794 doctorum
1433 1762 1576 1791 virorum
1592 1758 1728 1799 legitur.
1750 1757 1839 1791 Nam

1143 1804 1322 1836 Beroaldus
1343 1803 1444 1834 edidit
1467 1799 1589 1833 Soside.
1625 1800 1697 1832 dac.
1711 1801 1841 1831 Grono-

1143 1847 1214 1877 vius
1226 1851 1338 1878 autem
1354 1844 1480 1876 mavult
1496 1842 1651 1880 Sesoside,
1666 1853 1684 1873 e
1695 1843 1840 1884 vestigiis

1141 1889 1325 1929 scripturae,
1347 1897 1420 1926 qnae
1441 1891 1492 1918 est
1509 1887 1542 1917 in
1567 1885 1641 1916 MS.
1664 1885 1764 1916 aliter
1776 1895 1841 1916 esse

1141 1930 1261 1962 Sosicle.
1304 1929 1422 1962 Sesosis
1443 1932 1577 1959 vocatur
1597 1926 1698 1959 etiam
1722 1936 1742 1958 a
1756 1926 1836 1958 Dio·

1142 1972 1223 2004 doro
1239 1973 1304 2005 Sic.
1325 1975 1354 2008 l,
1369 1973 1420 2003 53.
1436 1975 1470 2001 et
1485 1969 1567 2001 aliis.
1610 1968 1699 2000 ERN.

1184 2013 1352 2054 Amaside]
1389 2012 1578 2044 Perizonius
1601 2010 1625 2043 l.
1655 2020 1684 2042 c.
1708 2019 1742 2051 p.
1765 2011 1840 2042 312.

1143 2063 1202 2087 aut
1223 2057 1326 2096 Anysi
1348 2055 1396 2086 vei
1418 2054 1560 2095 Anyside
1581 2051 1768 2094 legendum,
1782 2056 1843 2084 aut

1144 2104 1231 2130 certe
1248 2097 1410 2130 Herodoti
1434 2097 1558 2138 Anysin
1588 2093 1841 2135 intelligendum
1890 2101 1892 2103 ’

1144 2145 1257 2181 putat,
1270 2142 1296 2172 si
1311 2140 1364 2171 hic
1377 2140 1468 2170 locus
1483 2138 1523 2169 ad
1535 2137 1677 2177 aliquam
1691 2137 1758 2168 veri
1770 2146 1843 2179 spe-

1146 2183 1229 2214 ciem
1244 2182 1388 2214 revocari
1401 2182 1528 2212 debeat.
1573 2179 1659 2210 ERN.
1672 2190 1678 2197 ·

1193 2224 1340 2266 Confecto
1366 2233 1529 2254 annorum
1552 2219 1697 2261 numero]
1727 2218 1844 2252 Heins-

1147 2277 1311 2299 amzowm
1331 2266 1381 2298 M.
1404 2274 1549 2296 numero.
1561 2263 1678 2306 probat
1694 2262 1842 2294 Graevius

1144 2308 1168 2340 l·
1183 2320 1212 2339 C·
1256 2310 1345 2355 ERNJ

1145 2350 1292 2392 phoenice
1306 2361 1336 2383 v.
1353 2353 1404 2384 59.
1417 2356 1452 2380 et
1466 2348 1628 2381 Martialis
1641 2350 1674 2385 5,
1690 2350 1722 2382 7.
1896 2368 1905 2388 3

1187 2394 1264 2425 Suis
1284 2394 1320 2424 in
1341 2391 1451 2432 terris]
1477 2391 1631 2423 Heinsius
1646 2387 1842 2428 conficiebat

1142 2437 1280 2467 surculis
1295 2446 1312 2467 e
1322 2435 1426 2466 thuris
1437 2446 1447 2464 .·
1468 2444 1565 2474 quam
1577 2430 1841 2464 emendationem

1143 2477 1290 2509 Graevius
1314 2479 1347 2509 in
1369 2487 1422 2517 ep.
1445 2476 1486 2508 ad
1513 2475 1627 2508 Heins.
1649 2479 1676 2506 t.
1698 2475 1730 2504 4.
1753 2472 1840 2509 Coll.
1895 2491 1913 2511 ,ἶ

1143 2518 1259 2552 Burni.
1286 2531 1320 2561 p.
1347 2520 1420 2550 505.
1445 2529 1504 2560 pro
1526 2513 1841 2553 certissima‘hnbet,
1902 2513 1914 2527 *³

1147 2561 1208 2591 nisi
1230 2562 1315 2601 quod
1337 2562 1371 2592 σὲ
1391 2571 1408 2591 e
1423 2561 1532 2592 abesse
1553 2559 1638 2590 vult.
1679 2556 1740 2588 Est
1761 2562 1840 2589 sane
1890 2569 1894 2571 ’

1146 2603 1384 2644 peringeniosa.
1434 2603 1555 2634 Melior
1589 2608 1704 2632 tamen
1737 2598 1843 2631 altera
1888 2623 1889 2627 ,

1146 2645 1290 2686 ejusdem
1303 2646 1443 2678 surculis
1457 2645 1568 2676 tureis.
1602 2641 1686 2674 ERN.

1188 2687 1339 2720 Murrhae
1360 2686 1516 2728 pondere]
1562 2684 1677 2718 Heius.
1706 2682 1842 2715 conicit

1145 2731 1312 2770 saburroe5
1334 2730 1390 2762 sed
1404 2739 1436 2761 v.
1450 2728 1541 2760 Mera
1554 2729 1587 2767 3,
1601 2729 1632 2759 8.
1666 2725 1756 2758 Hero
1782 2748 1790 2758 .
1806 2726 1841 2765 2,

1191 2814 1390 2854 Tentatoque
1401 2821 1465 2853 per
1477 2812 1612 2852 longum
1622 2809 1700 2851 iter]
1725 2808 1764 2841 ld
1777 2810 1843 2848 est,

1147 2867 1223 2888 curn
1245 2857 1333 2896 prius
1355 2855 1552 2886 tentaverit:
1580 2854 1628 2885 sic
1640 2861 1725 2894 saepe
1737 2851 1843 2884 histo·

1149 2900 1207 2932 rici
1231 2898 1426 2939 loquuntur,
1454 2895 1640 2935 Sallustius,
1667 2893 1843 2927 Livius'et

1143 3018 1159 3040 θ

1397 2308 1450 2338 Sic
1471 2312 1506 2338 et
1526 2312 1619 2338 vetus
1643 2314 1775 2337 carmen
1802 2304 1842 2336 de
1892 2318 1902 2348 ,4

1892 2350 1907 2364 'l
