1956 3250
406 175 600 225 xxxviii
911 174 952 224 P
963 175 1009 225 R
1021 175 1091 227 ΖΕ
1100 173 1256 225 FAT
1266 174 1292 223 Ι
1304 173 1370 223 Ο.

402 316 584 375 praeter
629 307 777 358 Basil.
816 307 1186 375 superioribus3
1234 307 1286 355 in
1333 322 1432 370 qua
1477 319 1644 370 operae
1689 303 1876 352 dedere

402 387 581 434 vitiose
599 388 939 435 absumeretur.
979 385 1116 434 Add.
1138 391 1243 432 not.
1265 385 1328 431 ad
1355 383 1424 430 H.
1452 381 1552 440 IV,
1573 389 1649 430 14.
1675 386 1754 433 73.
1774 387 1874 429 etc.
1931 379 1945 451 ff

402 463 593 512 Contra
637 463 732 512 alia
773 463 878 528 ejus
916 470 1128 530 peccata
1162 477 1226 509 ne
1263 458 1615 509 animadvertit
1649 457 1874 522 quidem,

398 541 538 591 velut
569 558 644 600 ea,
678 557 790 605 quae
826 549 940 589 ante
977 539 1260 588 notavimus
1296 546 1348 586 et
1380 537 1523 602 plura
1558 535 1667 584 alia.
1739 533 1872 582 Illud

398 620 451 667 in
473 619 644 684 primis
668 635 760 666 nos
783 618 1018 676 advertit,
1035 618 1172 682 quod
1194 614 1454 681 permultis
1477 612 1620 672 locis,
1642 612 1731 661 ubi
1756 627 1870 660 cum
1924 611 1944 657 ,ἶ

398 696 752 761 superioribus,
769 695 868 744 hoc
889 702 963 744 est
982 695 1184 744 Veneto
1210 691 1473 741 Puteolani
1493 699 1544 739 et
1568 689 1872 746 Beroaldino

398 773 666 832 consentit,
691 774 899 838 corrigit
931 779 1128 822 textum
1165 770 1312 836 plane
1349 777 1405 817 ut
1438 769 1592 817 habet
1626 761 1706 817 ed.
1725 767 1872 833 prin·

396 867 544 916 ceps3
585 850 727 914 cujus
757 858 926 898 tamen
955 849 1142 898 nullam
1167 848 1358 913 uspiam
1384 846 1693 895 mentionem
1713 844 1868 894 facit:
1926 847 1945 940 ἐξ

393 1006 500 1071 ejus
544 1022 702 1071 prope
748 1012 979 1070 suspecta
1017 1004 1142 1053 fuit:
1192 1001 1320 1061 XII,
1357 1009 1435 1057 32.
1474 1008 1601 1052 extr.
1644 1000 1732 1049 ubi
1775 1016 1870 1065 pro
1919 934 1943 1067 ἐξ

390 1086 646 1147 Sylvarum
679 1082 898 1131 correxit
931 1082 1164 1139 Silurum,
1187 1079 1353 1145 plane,
1377 1086 1434 1130 ut
1463 1085 1538 1129 est
1569 1078 1621 1130 in
1647 1077 1869 1130 editione
1924 1082 1941 1144 ³³22:

389 1163 631 1228 principe.
706 1159 803 1208 Sed
849 1158 995 1208 facile
1043 1175 1158 1207 eum
1204 1156 1418 1208 absolvit
1462 1164 1570 1208 tum
1617 1162 1738 1208 nota
1776 1154 1869 1205 viri

387 1241 669 1305 integritas,
693 1248 800 1287 tum
838 1235 1109 1284 multitudo
1140 1234 1387 1292 locorum,
1411 1249 1524 1298 quae
1553 1233 1740 1299 pariter
1764 1250 1870 1283 cor·

385 1318 583 1382 rigendi
619 1319 697 1366 ed.
731 1333 804 1382 pr.
839 1313 1131 1363 facultatem
1168 1313 1334 1361 dabat.
1407 1310 1586 1378 Ita-que
1620 1311 1716 1365 ista
1743 1327 1866 1379 ¹eum
1928 1351 1937 1371 .-

384 1395 463 1444 vel
488 1412 515 1444 e
538 1395 666 1444 libro
699 1393 942 1451 Budensi,
966 1390 1047 1440 vel
1080 1389 1288 1454 ingenio
1322 1388 1525 1454 petiisse
1557 1387 1862 1454 putabimus.

385 1474 610 1522 Omnino
656 1472 738 1522 ille
786 1489 916 1538 saepe
959 1470 1028 1518 ita
1071 1468 1296 1532 corrigit,
1332 1475 1407 1525 ut,
1441 1468 1578 1515 unde
1610 1467 1864 1521 ‘correctio
1927 1472 1939 1518 ᾖ

383 1559 546 1601 sumta
592 1551 673 1610 sit,
719 1567 822 1599 non
869 1550 1018 1599 dicat.
1110 1546 1285 1611 Atque
1332 1561 1397 1594 ex
1442 1545 1501 1593 iis
1547 1546 1803 1610 quasdam>
1834 1562 1864 1598 a
1920 1568 1925 1606 i

379 1632 611 1681 Victorio
648 1632 958 1697 excogitatas
994 1627 1175 1696 reperi,
1208 1635 1266 1675 ut
1301 1625 1366 1675 A.
1399 1626 1504 1686 III,
1534 1635 1607 1676 18.
1635 1633 1741 1678 58..
1765 1626 1862 1687 IV,

392 928 531 977 velut
566 927 633 976 A.
659 927 788 987 XII,
822 934 896 975 16.
933 933 1005 974 19.
1036 926 1146 985 bis3
1186 926 1237 973 in
1273 940 1375 988 quo
1414 923 1530 974 loco
1566 922 1711 972 nobis
1746 922 1871 971 fides

381 1719 460 1762 73.
487 1718 584 1758 etc.
611 1727 732 1774 quas
767 1717 934 1757 utrum
972 1707 1202 1757 sumserit
1237 1724 1267 1754 a
1294 1703 1528 1754 Victorio
1560 1711 1613 1753 et
1646 1705 1742 1754 sub.
1775 1721 1862 1753 no-

379 1789 512 1836 mine
538 1804 627 1836 suo
652 1787 885 1846 ediderit,
911 1803 973 1834 an
1007 1802 1122 1834 cum
1155 1783 1407 1842 Victorio,
1432 1782 1485 1831 id
1521 1782 1659 1847 quod
1692 1782 1861 1848 potuit
1927 1834 1930 1844 ι,

377 1865 627 1923 accidere,
663 1865 716 1912 in
757 1866 933 1913 eadem
976 1863 1283 1928 conjecturae
1322 1860 1535 1925 vestigia
1574 1860 1859 1919 incurrerit,
1924 1855 1927 1914 j

377 1959 478 2010 non
504 1943 713 1990 audeam
739 1943 923 1991 dicere.
997 1941 1059 1989 In
1095 1939 1370 1989 Germania
1393 1955 1510 1987 usus
1535 1944 1611 1987 est
1635 1938 1858 1987 editione
1918 1983 1920 1987 ,

377 2021 472 2071 alia
507 2019 683 2071 Italica
712 2027 902 2079 vetere,
927 2014 991 2069 dc
1016 2035 1116 2084 qua
1149 2017 1277 2066 infra
1305 2017 1548 2066 dicemus.
1620 2014 1683 2063 In
1709 2013 1858 2081 Agri·
1918 2063 1928 2082 ‚-

377 2099 488 2147 cola
513 2105 565 2146 et
595 2097 814 2162 Dialogo
839 2099 904 2146 de
926 2097 1227 2146 Oratoribus
1260 2094 1368 2144 solo
1391 2093 1599 2159 ingenio
1622 2109 1740 2143 usus
1763 2100 1854 2143 est.
1923 2091 1931 2124 ἶ

377 2175 615 2224 Ceterum
641 2174 834 2223 addidit
858 2175 1002 2223 initio
1026 2175 1190 2239 operis
1220 2175 1520 2223 leesaurum
1553 2172 1858 2242 constructio·

375 2270 487 2301 num
516 2261 565 2300 et
597 2254 878 2301 locutionum
911 2261 958 2310 et
990 2258 1153 2301 vocum
1189 2253 1355 2301 Tacito
1387 2251 1667 2309 solennium,
1691 2250 1857 2299 citatis
1922 2291 1926 2297 .

375 2326 525 2379 etiam
556 2347 617 2379 ex
651 2329 797 2378 Livio
828 2329 1124 2395 plerumque
1158 2329 1490 2378 testimoniis:
1530 2343 1680 2392 quem
1714 2326 1854 2377 libe'l·

373 2406 478 2456 lum
513 2408 698 2456 rectius
734 2407 834 2456 suis
866 2407 1190 2466 editionibuS,
1214 2405 1448 2471 exemplo
1477 2404 1591 2455 Seb.
1618 2405 1857 2472 Gryphii,

373 2485 684 2534 addidissent
706 2485 973 2544 Gronovii,
997 2502 1146 2550 quam
1175 2483 1403 2534 Salinerii
1425 2489 1590 2544 notas,
1613 2500 1737 2551 quas
1758 2483 1853 2550 ipsi
1915 2500 1923 2507 ··

372 2562 667 2627 plerumque
702 2558 990 2626 nugatorias
1025 2578 1132 2612 esse
1159 2562 1409 2627 judicant.
1487 2561 1726 2627 Denique
1762 2561 1852 2611 Al-
1919 2560 1921 2562 ’

373 2639 492 2688 ciati
528 2647 579 2687 et
606 2636 844 2687 vBeroaldi
881 2647 1014 2689 notae
1049 2648 1102 2693 et
1139 2640 1458 2705 praefationes
1500 2639 1686 2706 additae
1732 2647 1851 2690 sunt
1918 2687 1919 2690 ,

371 2733 437 2766 ex
470 2716 691 2765 editione
722 2717 979 2781 superiori.
1042 2716 1193 2786 Hanc
1218 2717 1492 2767 editionem
1517 2717 1695 2767 vocavi
1716 2717 1849 2766 Rhe-

369 2795 486 2842 nani
510 2794 728 2856 primam.
801 2793 1002 2842 Etenim
1029 2811 1086 2843 ea
1110 2786 1324 2859 repetita
1347 2802 1422 2843 est
1445 2795 1496 2842 in
1519 2795 1698 2846 ‘eadem
1721 2795 1849 2844 urbe

371 2881 422 2922 et
447 2870 643 2919 officina
666 2888 708 2919 a.
741 2878 881 2919 1544.
908 2873 997 2921 sed
1027 2872 1115 2931 ita,
1139 2879 1196 2937 ut
1227 2873 1379 2938 priori
1404 2872 1473 2923 illi
1498 2872 1710 2944 multum
1738 2871 1846 2939 pul·
1906 2879 1907 2882 ’
