<?xml version="1.0" encoding="UTF-8"?>
<!DOCTYPE html PUBLIC "-//W3C//DTD XHTML 1.0 Transitional//EN"
    "http://www.w3.org/TR/xhtml1/DTD/xhtml1-transitional.dtd">
<html xmlns="http://www.w3.org/1999/xhtml" xml:lang="en" lang="en">
 <head>
  <title>
</title>
<meta http-equiv="Content-Type" content="text/html;charset=utf-8" />
  <meta name='ocr-system' content='tesseract 3.04.00' />
  <meta name='ocr-capabilities' content='ocr_page ocr_carea ocr_par ocr_line ocrx_word'/>
</head>
<body>
  <div class='ocr_page' id='page_1' title='image "./operaexrecension01taciuoft/operaexrecension01taciuoft_0144.png"; bbox 0 0 1956 3250; ppageno 0'>
   <div class='ocr_carea' id='block_1_1' title="bbox 456 193 1372 241">
    <p class='ocr_par' dir='ltr' id='par_1_1' title="bbox 456 193 1372 241">
     <span class='ocr_line' id='line_1_1' title="bbox 456 193 1372 241; baseline 0.003 -10"><span class='ocrx_word' id='word_1_1' title='bbox 456 195 506 231; x_wconf 88' lang='grc'><strong>68</strong></span> <span class='ocrx_word' id='word_1_2' title='bbox 988 193 1372 241; x_wconf 86' lang='lat' dir='ltr'>ANNALIUM</span> 
     </span>
    </p>
   </div>
   <div class='ocr_carea' id='block_1_2' title="bbox 345 293 1956 1510">
    <p class='ocr_par' dir='ltr' id='par_1_2' title="bbox 345 293 1956 1510">
     <span class='ocr_line' id='line_1_2' title="bbox 345 293 1956 353; baseline 0.002 -17"><span class='ocrx_word' id='word_1_3' title='bbox 345 305 387 337; x_wconf 79' lang='grc' dir='ltr'><strong>Α.</strong></span> <span class='ocrx_word' id='word_1_4' title='bbox 404 304 447 337; x_wconf 89' lang='lat' dir='ltr'><strong>U.</strong></span> <span class='ocrx_word' id='word_1_5' title='bbox 458 309 548 337; x_wconf 89' lang='lat' dir='ltr'><strong>eam</strong></span> <span class='ocrx_word' id='word_1_6' title='bbox 572 293 790 339; x_wconf 78' lang='lat' dir='ltr'><strong>Germanis</strong></span> <span class='ocrx_word' id='word_1_7' title='bbox 805 303 972 349; x_wconf 84' lang='lat' dir='ltr'><strong>noctem,</strong></span> <span class='ocrx_word' id='word_1_8' title='bbox 996 312 1043 340; x_wconf 85' lang='lat' dir='ltr'><strong>ac</strong></span> <span class='ocrx_word' id='word_1_9' title='bbox 1063 296 1295 340; x_wconf 82' lang='lat' dir='ltr'><em>solennibus</em></span> <span class='ocrx_word' id='word_1_10' title='bbox 1312 295 1438 353; x_wconf 82' lang='lat' dir='ltr'><strong>epulis</strong></span> <span class='ocrx_word' id='word_1_11' title='bbox 1459 295 1673 339; x_wconf 79' lang='lat' dir='ltr'><em>ludicram.</em></span> <span class='ocrx_word' id='word_1_12' title='bbox 1725 293 1907 339; x_wconf 76' lang='lat' dir='ltr'><strong>Caecina</strong></span> <span class='ocrx_word' id='word_1_13' title='bbox 1954 320 1956 322; x_wconf 93' lang='lat'>·</span> 
     </span>
     <span class='ocr_line' id='line_1_3' title="bbox 348 350 1904 423; baseline 0.001 -28"><span class='ocrx_word' id='word_1_14' title='bbox 348 350 445 423; x_wconf 45' lang='grc' dir='ltr'><strong>ᾸΒῈ</strong></span> <span class='ocrx_word' id='word_1_15' title='bbox 459 368 559 396; x_wconf 90' lang='lat' dir='ltr'><strong>cum</strong></span> <span class='ocrx_word' id='word_1_16' title='bbox 599 353 816 412; x_wconf 85' lang='lat' dir='ltr'><strong>expeditis</strong></span> <span class='ocrx_word' id='word_1_17' title='bbox 856 355 1110 398; x_wconf 82' lang='lat' dir='ltr'>cohortibus</span> <span class='ocrx_word' id='word_1_18' title='bbox 1155 355 1324 412; x_wconf 84' lang='lat' dir='ltr'><strong>praeire,</strong></span> <span class='ocrx_word' id='word_1_19' title='bbox 1358 364 1403 396; x_wconf 88' lang='lat' dir='ltr'><strong>et</strong></span> <span class='ocrx_word' id='word_1_20' title='bbox 1438 355 1658 396; x_wconf 85' lang='lat' dir='ltr'><strong>obstantia</strong></span> <span class='ocrx_word' id='word_1_21' title='bbox 1700 353 1904 398; x_wconf 83' lang='lat' dir='ltr'><strong>silvarum</strong></span> 
     </span>
     <span class='ocr_line' id='line_1_4' title="bbox 367 411 1904 470; baseline 0.001 -18"><span class='ocrx_word' id='word_1_22' title='bbox 367 437 417 466; x_wconf 71' lang='lat'><strong>14</strong></span> <span class='ocrx_word' id='word_1_23' title='bbox 459 411 626 453; x_wconf 88' lang='lat' dir='ltr'><strong>amoliri</strong></span> <span class='ocrx_word' id='word_1_24' title='bbox 670 413 877 468; x_wconf 87' lang='lat' dir='ltr'><strong>jubetur:</strong></span> <span class='ocrx_word' id='word_1_25' title='bbox 929 413 1121 470; x_wconf 83' lang='lat' dir='ltr'><strong>legiones</strong></span> <span class='ocrx_word' id='word_1_26' title='bbox 1169 412 1343 454; x_wconf 89' lang='lat' dir='ltr'><strong>modico</strong></span> <span class='ocrx_word' id='word_1_27' title='bbox 1384 412 1610 454; x_wconf 80' lang='lat' dir='ltr'><strong>intervallo</strong></span> <span class='ocrx_word' id='word_1_28' title='bbox 1651 420 1904 468; x_wconf 85' lang='lat' dir='ltr'><strong>sequuntur.</strong></span> 
     </span>
     <span class='ocr_line' id='line_1_5' title="bbox 455 469 1907 526; baseline 0 -14"><span class='ocrx_word' id='word_1_29' title='bbox 455 469 584 512; x_wconf 70' lang='lat' dir='ltr'><strong>,Iuvit</strong></span> <span class='ocrx_word' id='word_1_30' title='bbox 613 483 703 512; x_wconf 81' lang='lat' dir='ltr'><strong>nox</strong></span> <span class='ocrx_word' id='word_1_31' title='bbox 743 470 953 512; x_wconf 88' lang='lat' dir='ltr'><strong>sideribus</strong></span> <span class='ocrx_word' id='word_1_32' title='bbox 989 469 1204 513; x_wconf 88' lang='lat' dir='ltr'><strong>inlustris.</strong></span> <span class='ocrx_word' id='word_1_33' title='bbox 1248 480 1513 526; x_wconf 88' lang='lat' dir='ltr'><strong>ventumque</strong></span> <span class='ocrx_word' id='word_1_34' title='bbox 1543 470 1597 511; x_wconf 86' lang='lat' dir='ltr'><strong>ad</strong></span> <span class='ocrx_word' id='word_1_35' title='bbox 1630 469 1750 512; x_wconf 82' lang='lat' dir='ltr'><strong>vicos</strong></span> <span class='ocrx_word' id='word_1_36' title='bbox 1781 469 1907 513; x_wconf 84' lang='lat' dir='ltr'><strong>Mar.-</strong></span> 
     </span>
     <span class='ocr_line' id='line_1_6' title="bbox 457 527 1906 595; baseline 0.002 -27"><span class='ocrx_word' id='word_1_37' title='bbox 457 541 619 580; x_wconf 84' lang='lat' dir='ltr'><strong>sorum‚</strong></span> <span class='ocrx_word' id='word_1_38' title='bbox 657 537 701 570; x_wconf 89' lang='lat' dir='ltr'><strong>et</strong></span> <span class='ocrx_word' id='word_1_39' title='bbox 741 528 1020 570; x_wconf 75' lang='lat' dir='ltr'><strong>circumdatae</strong></span> <span class='ocrx_word' id='word_1_40' title='bbox 1063 528 1288 579; x_wconf 83' lang='lat' dir='ltr'><strong>stationes,</strong></span> <span class='ocrx_word' id='word_1_41' title='bbox 1326 529 1471 568; x_wconf 72' lang='lat' dir='ltr'><strong>stratis</strong></span> <span class='ocrx_word' id='word_1_42' title='bbox 1513 527 1644 570; x_wconf 88' lang='lat' dir='ltr'><strong>etiam</strong></span> <span class='ocrx_word' id='word_1_43' title='bbox 1686 537 1779 570; x_wconf 90' lang='lat' dir='ltr'><strong>tum</strong></span> <span class='ocrx_word' id='word_1_44' title='bbox 1828 541 1906 595; x_wconf 85' lang='lat' dir='ltr'><strong>per</strong></span> 
     </span>
     <span class='ocr_line' id='line_1_7' title="bbox 454 585 1904 643; baseline 0.001 -17"><span class='ocrx_word' id='word_1_45' title='bbox 454 585 630 637; x_wconf 86' lang='lat' dir='ltr'><strong>cubilia,</strong></span> <span class='ocrx_word' id='word_1_46' title='bbox 666 599 930 642; x_wconf 78' lang='lat' dir='ltr'><strong>propteique</strong></span> <span class='ocrx_word' id='word_1_47' title='bbox 967 600 1151 638; x_wconf 87' lang='lat' dir='ltr'><strong>mensas,</strong></span> <span class='ocrx_word' id='word_1_48' title='bbox 1188 585 1307 628; x_wconf 90' lang='lat' dir='ltr'><strong>nullo</strong></span> <span class='ocrx_word' id='word_1_49' title='bbox 1344 595 1480 638; x_wconf 87' lang='lat' dir='ltr'><strong>metu,</strong></span> <span class='ocrx_word' id='word_1_50' title='bbox 1517 599 1603 627; x_wconf 93' lang='lat' dir='ltr'><strong>non</strong></span> <span class='ocrx_word' id='word_1_51' title='bbox 1645 586 1904 643; x_wconf 83' lang='lat' dir='ltr'><strong>antepositis</strong></span> 
     </span>
     <span class='ocr_line' id='line_1_8' title="bbox 453 642 1903 708; baseline 0.003 -26"><span class='ocrx_word' id='word_1_52' title='bbox 453 643 631 708; x_wconf 80' lang='lat' dir='ltr'><strong>vigiliis.</strong></span> <span class='ocrx_word' id='word_1_53' title='bbox 662 643 769 684; x_wconf 81' lang='lat' dir='ltr'><strong>adeo</strong></span> <span class='ocrx_word' id='word_1_54' title='bbox 801 653 960 686; x_wconf 85' lang='lat' dir='ltr'><strong>cuncta</strong></span> <span class='ocrx_word' id='word_1_55' title='bbox 1004 644 1169 685; x_wconf 87' lang='lat' dir='ltr'><strong>incuria</strong></span> <span class='ocrx_word' id='word_1_56' title='bbox 1207 642 1391 700; x_wconf 83' lang='lat' dir='ltr'><strong>disjecta</strong></span> <span class='ocrx_word' id='word_1_57' title='bbox 1430 651 1578 685; x_wconf 87' lang='lat' dir='ltr'><strong>erant.</strong></span> <span class='ocrx_word' id='word_1_58' title='bbox 1619 657 1760 699; x_wconf 90' lang='lat' dir='ltr'><strong>neque</strong></span> <span class='ocrx_word' id='word_1_59' title='bbox 1802 642 1903 686; x_wconf 91' lang='lat' dir='ltr'><strong>belli</strong></span> 
     </span>
     <span class='ocr_line' id='line_1_9' title="bbox 453 699 1904 759; baseline 0.003 -19"><span class='ocrx_word' id='word_1_60' title='bbox 453 700 609 743; x_wconf 88' lang='lat' dir='ltr'><strong>timor:</strong></span> <span class='ocrx_word' id='word_1_61' title='bbox 651 715 702 742; x_wconf 84' lang='lat' dir='ltr'><strong>ac</strong></span> <span class='ocrx_word' id='word_1_62' title='bbox 738 715 792 743; x_wconf 91' lang='lat' dir='ltr'><strong>ne</strong></span> <span class='ocrx_word' id='word_1_63' title='bbox 828 715 914 759; x_wconf 81' lang='lat' dir='ltr'><strong>pax</strong></span> <span class='ocrx_word' id='word_1_64' title='bbox 948 701 1140 758; x_wconf 87' lang='lat' dir='ltr'><strong>quidem,</strong></span> <span class='ocrx_word' id='word_1_65' title='bbox 1172 701 1253 742; x_wconf 90' lang='lat' dir='ltr'><strong>nisi</strong></span> <span class='ocrx_word' id='word_1_66' title='bbox 1290 701 1498 758; x_wconf 83' lang='lat' dir='ltr'><strong>languida</strong></span> <span class='ocrx_word' id='word_1_67' title='bbox 1528 709 1573 743; x_wconf 94' lang='lat' dir='ltr'><strong>et</strong></span> <span class='ocrx_word' id='word_1_68' title='bbox 1603 699 1760 753; x_wconf 81' lang='lat' dir='ltr'><strong>soluta,</strong></span> <span class='ocrx_word' id='word_1_69' title='bbox 1790 699 1904 745; x_wconf 87' lang='lat' dir='ltr'><strong>inter</strong></span> 
     </span>
     <span class='ocr_line' id='line_1_10' title="bbox 383 736 1900 823; baseline 0.003 -25"><span class='ocrx_word' id='word_1_70' title='bbox 383 761 435 798; x_wconf 88' lang='lat'><strong>51</strong></span> <span class='ocrx_word' id='word_1_71' title='bbox 456 758 728 800; x_wconf 87' lang='lat' dir='ltr'><strong>temulentos.</strong></span> <span class='ocrx_word' id='word_1_72' title='bbox 790 758 938 802; x_wconf 83' lang='lat' dir='ltr'><strong>Caesar</strong></span> <span class='ocrx_word' id='word_1_73' title='bbox 973 759 1121 802; x_wconf 84' lang='lat' dir='ltr'><strong>avidas</strong></span> <span class='ocrx_word' id='word_1_74' title='bbox 1156 736 1391 823; x_wconf 41' lang='lat' dir='ltr'><strong>legiones?</strong></span> <span class='ocrx_word' id='word_1_75' title='bbox 1396 773 1483 815; x_wconf 89' lang='lat' dir='ltr'><strong>quo</strong></span> <span class='ocrx_word' id='word_1_76' title='bbox 1514 757 1642 800; x_wconf 91' lang='lat' dir='ltr'><strong>latior</strong></span> <span class='ocrx_word' id='word_1_77' title='bbox 1672 757 1900 816; x_wconf 90' lang='lat' dir='ltr'><strong>populatio</strong></span> 
     </span>
     <span class='ocr_line' id='line_1_11' title="bbox 450 815 1901 874; baseline 0.002 -17"><span class='ocrx_word' id='word_1_78' title='bbox 450 815 578 868; x_wconf 85' lang='lat' dir='ltr'><strong>foret,</strong></span> <span class='ocrx_word' id='word_1_79' title='bbox 608 827 795 873; x_wconf 86' lang='lat' dir='ltr'><strong>quatuor</strong></span> <span class='ocrx_word' id='word_1_80' title='bbox 835 817 879 859; x_wconf 91' lang='lat' dir='ltr'><strong>in</strong></span> <span class='ocrx_word' id='word_1_81' title='bbox 913 832 1075 859; x_wconf 88' lang='lat' dir='ltr'><strong>cuneos</strong></span> <span class='ocrx_word' id='word_1_82' title='bbox 1108 816 1335 873; x_wconf 84' lang='lat' dir='ltr'><strong>dispertit:</strong></span> <span class='ocrx_word' id='word_1_83' title='bbox 1367 816 1688 874; x_wconf 84' lang='lat' dir='ltr'><strong>quinquaginta</strong></span> <span class='ocrx_word' id='word_1_84' title='bbox 1717 815 1901 860; x_wconf 88' lang='lat' dir='ltr'><strong>millium</strong></span> 
     </span>
     <span class='ocr_line' id='line_1_12' title="bbox 449 874 1900 940; baseline 0.002 -25"><span class='ocrx_word' id='word_1_85' title='bbox 449 875 638 940; x_wconf 72' lang='lat' dir='ltr'><strong>spatium</strong></span> <span class='ocrx_word' id='word_1_86' title='bbox 670 874 784 916; x_wconf 84' lang='lat' dir='ltr'><strong>ferro</strong></span> <span class='ocrx_word' id='word_1_87' title='bbox 808 875 1081 931; x_wconf 83' lang='lat' dir='ltr'><strong>flammisque</strong></span> <span class='ocrx_word' id='word_1_88' title='bbox 1112 884 1354 932; x_wconf 80' lang='lat' dir='ltr'><strong>perzvastat</strong></span> <span class='ocrx_word' id='word_1_89' title='bbox 1388 889 1475 916; x_wconf 91' lang='lat' dir='ltr'><strong>non</strong></span> <span class='ocrx_word' id='word_1_90' title='bbox 1507 887 1651 926; x_wconf 85' lang='lat' dir='ltr'><strong>sexus,</strong></span> <span class='ocrx_word' id='word_1_91' title='bbox 1672 888 1760 916; x_wconf 90' lang='lat' dir='ltr'><strong>non</strong></span> <span class='ocrx_word' id='word_1_92' title='bbox 1793 883 1900 918; x_wconf 85' lang='lat' dir='ltr'><strong>aetas</strong></span> 
     </span>
     <span class='ocr_line' id='line_1_13' title="bbox 448 931 1902 989; baseline 0.001 -15"><span class='ocrx_word' id='word_1_93' title='bbox 448 932 770 975; x_wconf 84' lang='lat' dir='ltr'><strong>miserationem</strong></span> <span class='ocrx_word' id='word_1_94' title='bbox 803 933 974 986; x_wconf 87' lang='lat' dir='ltr'><strong>attulit;</strong></span> <span class='ocrx_word' id='word_1_95' title='bbox 1007 932 1190 989; x_wconf 83' lang='lat' dir='ltr'><strong>profana</strong></span> <span class='ocrx_word' id='word_1_96' title='bbox 1221 932 1348 974; x_wconf 85' lang='lat' dir='ltr'><strong>simul</strong></span> <span class='ocrx_word' id='word_1_97' title='bbox 1378 942 1421 974; x_wconf 89' lang='lat' dir='ltr'><strong>et</strong></span> <span class='ocrx_word' id='word_1_98' title='bbox 1451 946 1586 984; x_wconf 86' lang='lat' dir='ltr'><strong>sacra,</strong></span> <span class='ocrx_word' id='word_1_99' title='bbox 1607 941 1652 974; x_wconf 88' lang='lat' dir='ltr'><strong>et</strong></span> <span class='ocrx_word' id='word_1_100' title='bbox 1672 931 1902 976; x_wconf 86' lang='lat' dir='ltr'><strong>celeberri-</strong></span> 
     </span>
     <span class='ocr_line' id='line_1_14' title="bbox 448 989 1945 1055; baseline 0.002 -24"><span class='ocrx_word' id='word_1_101' title='bbox 448 1004 568 1031; x_wconf 87' lang='lat' dir='ltr'><strong>mum</strong></span> <span class='ocrx_word' id='word_1_102' title='bbox 599 990 680 1032; x_wconf 89' lang='lat' dir='ltr'><strong>illis</strong></span> <span class='ocrx_word' id='word_1_103' title='bbox 710 991 914 1055; x_wconf 78' lang='lat' dir='ltr'><strong>gentibus</strong></span> <span class='ocrx_word' id='word_1_104' title='bbox 937 991 1163 1047; x_wconf 85' lang='lat' dir='ltr'><strong>templum,</strong></span> <span class='ocrx_word' id='word_1_105' title='bbox 1186 990 1302 1047; x_wconf 87' lang='lat' dir='ltr'><strong>quod</strong></span> <span class='ocrx_word' id='word_1_106' title='bbox 1327 989 1529 1055; x_wconf 77' lang='lat' dir='ltr'><strong>Tmfanae</strong></span> <span class='ocrx_word' id='word_1_107' title='bbox 1552 989 1786 1042; x_wconf 86' lang='lat' dir='ltr'><strong>vocabant,</strong></span> <span class='ocrx_word' id='word_1_108' title='bbox 1807 989 1912 1034; x_wconf 86' lang='lat' dir='ltr'><strong>solo</strong></span> <span class='ocrx_word' id='word_1_109' title='bbox 1944 1044 1945 1047; x_wconf 11' lang='grc' dir='ltr'><strong>Ἴ</strong></span> 
     </span>
     <span class='ocr_line' id='line_1_15' title="bbox 449 1048 1899 1104; baseline 0.002 -15"><span class='ocrx_word' id='word_1_110' title='bbox 449 1060 817 1104; x_wconf 83' lang='lat' dir='ltr'><strong>aequantur.s1ne</strong></span> <span class='ocrx_word' id='word_1_111' title='bbox 851 1049 1025 1090; x_wconf 85' lang='lat' dir='ltr'><strong>vulnere</strong></span> <span class='ocrx_word' id='word_1_112' title='bbox 1058 1048 1232 1100; x_wconf 87' lang='lat' dir='ltr'><strong>milites,</strong></span> <span class='ocrx_word' id='word_1_113' title='bbox 1263 1062 1337 1104; x_wconf 78' lang='lat' dir='ltr'><strong>qui</strong></span> <span class='ocrx_word' id='word_1_114' title='bbox 1378 1048 1677 1098; x_wconf 84' lang='lat' dir='ltr'><strong>semisomnos,</strong></span> <span class='ocrx_word' id='word_1_115' title='bbox 1709 1048 1899 1092; x_wconf 88' lang='lat' dir='ltr'><strong>inermos</strong></span> 
     </span>
     <span class='ocr_line' id='line_1_16' title="bbox 448 1104 1956 1163; baseline 0.002 -17.002"><span class='ocrx_word' id='word_1_116' title='bbox 448 1110 524 1147; x_wconf 85' lang='lat' dir='ltr'><strong>aut</strong></span> <span class='ocrx_word' id='word_1_117' title='bbox 575 1106 758 1163; x_wconf 84' lang='lat' dir='ltr'><strong>palantis</strong></span> <span class='ocrx_word' id='word_1_118' title='bbox 801 1107 1062 1149; x_wconf 84' lang='lat' dir='ltr'><strong>ceciderant.</strong></span> <span class='ocrx_word' id='word_1_119' title='bbox 1135 1105 1316 1148; x_wconf 83' lang='lat' dir='ltr'><strong>Excivit</strong></span> <span class='ocrx_word' id='word_1_120' title='bbox 1360 1120 1411 1148; x_wconf 89' lang='lat' dir='ltr'><strong>ea</strong></span> <span class='ocrx_word' id='word_1_121' title='bbox 1455 1106 1596 1148; x_wconf 86' lang='lat' dir='ltr'><strong>caedes</strong></span> <span class='ocrx_word' id='word_1_122' title='bbox 1649 1104 1900 1160; x_wconf 83' lang='lat' dir='ltr'><strong>Bructeros,</strong></span> <span class='ocrx_word' id='word_1_123' title='bbox 1952 1119 1956 1127; x_wconf 71' lang='lat'><strong>²</strong></span> 
     </span>
     <span class='ocr_line' id='line_1_17' title="bbox 447 1161 1956 1229; baseline 0.002 -25"><span class='ocrx_word' id='word_1_124' title='bbox 447 1161 686 1216; x_wconf 88' lang='lat' dir='ltr'><strong>Tubantes,</strong></span> <span class='ocrx_word' id='word_1_125' title='bbox 704 1164 932 1221; x_wconf 81' lang='lat' dir='ltr'><strong>US1petes</strong></span> <span class='ocrx_word' id='word_1_126' title='bbox 958 1163 1190 1220; x_wconf 86' lang='lat' dir='ltr'><strong>saltusque,</strong></span> <span class='ocrx_word' id='word_1_127' title='bbox 1208 1178 1284 1221; x_wconf 66' lang='lat' dir='ltr'><strong>per</strong></span> <span class='ocrx_word' id='word_1_128' title='bbox 1302 1178 1410 1229; x_wconf 82' lang='lat' dir='ltr'><strong>quos</strong></span> <span class='ocrx_word' id='word_1_129' title='bbox 1433 1163 1900 1221; x_wconf 78' lang='lat' dir='ltr'><strong>exercituiregressuS,</strong></span> <span class='ocrx_word' id='word_1_130' title='bbox 1954 1166 1956 1169; x_wconf 73' lang='grc'><strong>’</strong></span> 
     </span>
     <span class='ocr_line' id='line_1_18' title="bbox 446 1220 1898 1287; baseline 0.001 -25"><span class='ocrx_word' id='word_1_131' title='bbox 446 1220 656 1263; x_wconf 87' lang='lat' dir='ltr'><strong>insedere.</strong></span> <span class='ocrx_word' id='word_1_132' title='bbox 680 1223 796 1278; x_wconf 89' lang='lat' dir='ltr'><strong>quod</strong></span> <span class='ocrx_word' id='word_1_133' title='bbox 828 1237 1010 1280; x_wconf 72' lang='lat' dir='ltr'><strong>gnarum</strong></span> <span class='ocrx_word' id='word_1_134' title='bbox 1042 1222 1172 1275; x_wconf 89' lang='lat' dir='ltr'><strong>duci;</strong></span> <span class='ocrx_word' id='word_1_135' title='bbox 1202 1221 1466 1278; x_wconf 83' lang='lat' dir='ltr'><strong>incessitque</strong></span> <span class='ocrx_word' id='word_1_136' title='bbox 1490 1221 1634 1263; x_wconf 90' lang='lat' dir='ltr'><strong>itineri</strong></span> <span class='ocrx_word' id='word_1_137' title='bbox 1657 1229 1701 1262; x_wconf 89' lang='lat' dir='ltr'><strong>et</strong></span> <span class='ocrx_word' id='word_1_138' title='bbox 1723 1221 1898 1287; x_wconf 83' lang='lat' dir='ltr'><strong>proelio.</strong></span> 
     </span>
     <span class='ocr_line' id='line_1_19' title="bbox 451 1279 1956 1346; baseline 0.003 -27"><span class='ocrx_word' id='word_1_139' title='bbox 451 1293 546 1335; x_wconf 83' lang='lat' dir='ltr'><strong>pars</strong></span> <span class='ocrx_word' id='word_1_140' title='bbox 568 1280 762 1335; x_wconf 88' lang='lat' dir='ltr'><strong>equitum</strong></span> <span class='ocrx_word' id='word_1_141' title='bbox 791 1291 835 1321; x_wconf 90' lang='lat' dir='ltr'><strong>et</strong></span> <span class='ocrx_word' id='word_1_142' title='bbox 861 1280 1100 1322; x_wconf 68' lang='lat' dir='ltr'><strong>auxiliariae</strong></span> <span class='ocrx_word' id='word_1_143' title='bbox 1123 1279 1325 1321; x_wconf 88' lang='lat' dir='ltr'><strong>cohortes</strong></span> <span class='ocrx_word' id='word_1_144' title='bbox 1349 1279 1592 1321; x_wconf 83' lang='lat' dir='ltr'><strong>ducebant:</strong></span> <span class='ocrx_word' id='word_1_145' title='bbox 1623 1293 1727 1321; x_wconf 86' lang='lat' dir='ltr'><strong>mox</strong></span> <span class='ocrx_word' id='word_1_146' title='bbox 1758 1279 1900 1346; x_wconf 72' lang='lat' dir='ltr'><strong>prima.</strong></span> <span class='ocrx_word' id='word_1_147' title='bbox 1952 1304 1956 1315; x_wconf 56' lang='grc' dir='ltr'><strong><em>ι</em></strong></span> 
     </span>
     <span class='ocr_line' id='line_1_20' title="bbox 447 1336 1956 1403; baseline 0 -26"><span class='ocrx_word' id='word_1_148' title='bbox 447 1336 590 1393; x_wconf 81' lang='lat' dir='ltr'><strong>legio:</strong></span> <span class='ocrx_word' id='word_1_149' title='bbox 633 1347 677 1378; x_wconf 90' lang='lat' dir='ltr'><strong>et</strong></span> <span class='ocrx_word' id='word_1_150' title='bbox 718 1337 869 1379; x_wconf 88' lang='lat' dir='ltr'><strong>mediis</strong></span> <span class='ocrx_word' id='word_1_151' title='bbox 910 1337 1249 1403; x_wconf 86' lang='lat' dir='ltr'><strong>impedimentis,</strong></span> <span class='ocrx_word' id='word_1_152' title='bbox 1283 1337 1504 1379; x_wconf 87' lang='lat' dir='ltr'><strong>sinistrum</strong></span> <span class='ocrx_word' id='word_1_153' title='bbox 1547 1336 1658 1378; x_wconf 88' lang='lat' dir='ltr'><strong>latus</strong></span> <span class='ocrx_word' id='word_1_154' title='bbox 1701 1338 1899 1380; x_wconf 86' lang='lat' dir='ltr'><strong>unaetvi-</strong></span> <span class='ocrx_word' id='word_1_155' title='bbox 1952 1361 1956 1377; x_wconf 87' lang='lat'><strong>-.</strong></span> 
     </span>
     <span class='ocr_line' id='line_1_21' title="bbox 447 1394 1956 1454; baseline 0.003 -19"><span class='ocrx_word' id='word_1_156' title='bbox 447 1395 671 1447; x_wconf 87' lang='lat' dir='ltr'><strong>cesimani‚</strong></span> <span class='ocrx_word' id='word_1_157' title='bbox 693 1395 892 1444; x_wconf 85' lang='lat' dir='ltr'><strong>dextrum</strong></span> <span class='ocrx_word' id='word_1_158' title='bbox 919 1396 1117 1452; x_wconf 86' lang='lat' dir='ltr'><strong>quintani</strong></span> <span class='ocrx_word' id='word_1_159' title='bbox 1149 1395 1373 1438; x_wconf 86' lang='lat' dir='ltr'><strong>clausere:</strong></span> <span class='ocrx_word' id='word_1_160' title='bbox 1398 1394 1604 1437; x_wconf 79' lang='lat' dir='ltr'><strong>vicesima</strong></span> <span class='ocrx_word' id='word_1_161' title='bbox 1632 1394 1749 1452; x_wconf 84' lang='lat' dir='ltr'><strong>legio</strong></span> <span class='ocrx_word' id='word_1_162' title='bbox 1775 1403 1900 1454; x_wconf 81' lang='lat' dir='ltr'><strong>terga</strong></span> <span class='ocrx_word' id='word_1_163' title='bbox 1952 1402 1956 1446; x_wconf 55' lang='grc' dir='ltr'>ζ</span> 
     </span>
     <span class='ocr_line' id='line_1_22' title="bbox 446 1451 1956 1510; baseline 0.003 -18"><span class='ocrx_word' id='word_1_164' title='bbox 446 1451 664 1495; x_wconf 84' lang='lat' dir='ltr'><strong>firmavit:</strong></span> <span class='ocrx_word' id='word_1_165' title='bbox 699 1463 796 1510; x_wconf 87' lang='lat' dir='ltr'><strong>post</strong></span> <span class='ocrx_word' id='word_1_166' title='bbox 819 1455 949 1495; x_wconf 75' lang='lat' dir='ltr'><strong>ceteri</strong></span> <span class='ocrx_word' id='word_1_167' title='bbox 982 1454 1215 1496; x_wconf 84' lang='lat' dir='ltr'><strong>sociorum.</strong></span> <span class='ocrx_word' id='word_1_168' title='bbox 1277 1452 1361 1495; x_wconf 86' lang='lat' dir='ltr'><strong>Sed</strong></span> <span class='ocrx_word' id='word_1_169' title='bbox 1393 1451 1555 1504; x_wconf 86' lang='lat' dir='ltr'><strong>hostes,</strong></span> <span class='ocrx_word' id='word_1_170' title='bbox 1577 1452 1717 1495; x_wconf 90' lang='lat' dir='ltr'><strong>donec</strong></span> <span class='ocrx_word' id='word_1_171' title='bbox 1739 1467 1899 1510; x_wconf 83' lang='lat' dir='ltr'><strong>agmen</strong></span> <span class='ocrx_word' id='word_1_172' title='bbox 1952 1461 1956 1463; x_wconf 84' lang='grc'><em>“</em></span> 
     </span>
    </p>
   </div>
   <div class='ocr_carea' id='block_1_3' title="bbox 444 1494 1956 1574">
    <p class='ocr_par' dir='ltr' id='par_1_3' title="bbox 444 1494 1956 1574">
     <span class='ocr_line' id='line_1_23' title="bbox 444 1494 1956 1574; baseline 0.001 -22"><span class='ocrx_word' id='word_1_173' title='bbox 444 1523 523 1566; x_wconf 85' lang='lat' dir='ltr'><strong>per</strong></span> <span class='ocrx_word' id='word_1_174' title='bbox 560 1511 692 1552; x_wconf 89' lang='lat' dir='ltr'><strong>saltus</strong></span> <span class='ocrx_word' id='word_1_175' title='bbox 728 1511 1036 1568; x_wconf 83' lang='lat' dir='ltr'><strong>porrigeretur,</strong></span> <span class='ocrx_word' id='word_1_176' title='bbox 1075 1510 1272 1574; x_wconf 84' lang='lat' dir='ltr'><strong>immoti·</strong></span> <span class='ocrx_word' id='word_1_177' title='bbox 1317 1510 1418 1553; x_wconf 89' lang='lat' dir='ltr'><strong>dein</strong></span> <span class='ocrx_word' id='word_1_178' title='bbox 1454 1510 1589 1552; x_wconf 88' lang='lat' dir='ltr'><strong>latera</strong></span> <span class='ocrx_word' id='word_1_179' title='bbox 1623 1519 1670 1552; x_wconf 87' lang='lat' dir='ltr'><strong>et</strong></span> <span class='ocrx_word' id='word_1_180' title='bbox 1704 1509 1895 1554; x_wconf 85' lang='lat' dir='ltr'><strong>frontem</strong></span> <span class='ocrx_word' id='word_1_181' title='bbox 1945 1494 1956 1572; x_wconf 60' lang='lat'><strong>2}</strong></span> 
     </span>
    </p>
   </div>
   <div class='ocr_carea' id='block_1_4' title="bbox 0 0 64 3250">
    <p class='ocr_par' dir='ltr' id='par_1_4' title="bbox 0 0 64 3250">
     <span class='ocr_line' id='line_1_24' title="bbox 0 0 64 3250; baseline 0 0"><span class='ocrx_word' id='word_1_182' title='bbox 0 0 64 3250; x_wconf 95' lang='lat' dir='ltr'><strong> </strong></span> 
     </span>
    </p>
   </div>
   <div class='ocr_carea' id='block_1_5' title="bbox 430 1644 1149 3007">
    <p class='ocr_par' dir='ltr' id='par_1_5' title="bbox 441 1644 1148 1891">
     <span class='ocr_line' id='line_1_25' title="bbox 492 1644 1148 1690; baseline 0 -13"><span class='ocrx_word' id='word_1_183' title='bbox 492 1644 618 1678; x_wconf 83' lang='lat' dir='ltr'><strong>Cuncta</strong></span> <span class='ocrx_word' id='word_1_184' title='bbox 661 1647 794 1678; x_wconf 77' lang='lat' dir='ltr'><strong>incuria</strong></span> <span class='ocrx_word' id='word_1_185' title='bbox 833 1645 984 1690; x_wconf 79' lang='lat' dir='ltr'><strong>disjecta]</strong></span> <span class='ocrx_word' id='word_1_186' title='bbox 1031 1646 1148 1678; x_wconf 86' lang='lat' dir='ltr'><strong>Cicero</strong></span> 
     </span>
     <span class='ocr_line' id='line_1_26' title="bbox 442 1688 1148 1731; baseline 0 -12"><span class='ocrx_word' id='word_1_187' title='bbox 442 1689 601 1720; x_wconf 76' lang='lat' dir='ltr'><strong>dissoluta</strong></span> <span class='ocrx_word' id='word_1_188' title='bbox 629 1689 776 1728; x_wconf 86' lang='lat' dir='ltr'><strong>dixisset,</strong></span> <span class='ocrx_word' id='word_1_189' title='bbox 800 1690 935 1731; x_wconf 85' lang='lat' dir='ltr'><strong>opinor.</strong></span> <span class='ocrx_word' id='word_1_190' title='bbox 959 1697 1026 1729; x_wconf 88' lang='lat' dir='ltr'><strong>quo</strong></span> <span class='ocrx_word' id='word_1_191' title='bbox 1050 1688 1148 1720; x_wconf 87' lang='lat' dir='ltr'><strong>illum</strong></span> 
     </span>
     <span class='ocr_line' id='line_1_27' title="bbox 442 1731 1149 1772; baseline 0.001 -11"><span class='ocrx_word' id='word_1_192' title='bbox 442 1732 542 1762; x_wconf 87' lang='lat' dir='ltr'><strong>verbo</strong></span> <span class='ocrx_word' id='word_1_193' title='bbox 563 1742 622 1772; x_wconf 88' lang='lat' dir='ltr'><strong>pro</strong></span> <span class='ocrx_word' id='word_1_194' title='bbox 637 1731 737 1763; x_wconf 86' lang='lat' dir='ltr'><strong>valde</strong></span> <span class='ocrx_word' id='word_1_195' title='bbox 752 1732 923 1772; x_wconf 81' lang='lat' dir='ltr'><strong>neglectis,</strong></span> <span class='ocrx_word' id='word_1_196' title='bbox 939 1733 1021 1763; x_wconf 87' lang='lat' dir='ltr'><strong>item</strong></span> <span class='ocrx_word' id='word_1_197' title='bbox 1042 1731 1149 1772; x_wconf 82' lang='lat' dir='ltr'><strong>negli-</strong></span> 
     </span>
     <span class='ocr_line' id='line_1_28' title="bbox 442 1772 1148 1814; baseline 0.001 -10"><span class='ocrx_word' id='word_1_198' title='bbox 442 1772 610 1814; x_wconf 80' lang='lat' dir='ltr'><strong>gentibus,</strong></span> <span class='ocrx_word' id='word_1_199' title='bbox 626 1775 690 1812; x_wconf 87' lang='lat' dir='ltr'><strong>uti,</strong></span> <span class='ocrx_word' id='word_1_200' title='bbox 705 1774 826 1806; x_wconf 87' lang='lat' dir='ltr'><strong>Lexica</strong></span> <span class='ocrx_word' id='word_1_201' title='bbox 840 1774 973 1806; x_wconf 86' lang='lat' dir='ltr'><strong>docent.</strong></span> <span class='ocrx_word' id='word_1_202' title='bbox 1012 1773 1065 1805; x_wconf 91' lang='lat' dir='ltr'><strong>Sic</strong></span> <span class='ocrx_word' id='word_1_203' title='bbox 1080 1773 1148 1805; x_wconf 83' lang='lat' dir='ltr'><strong>fere</strong></span> 
     </span>
     <span class='ocr_line' id='line_1_29' title="bbox 441 1815 1146 1891; baseline 0 -44"><span class='ocrx_word' id='word_1_204' title='bbox 441 1821 557 1891; x_wconf 53' lang='lat' dir='ltr'><strong>gustet</strong></span> <span class='ocrx_word' id='word_1_205' title='bbox 597 1827 676 1849; x_wconf 84' lang='lat' dir='ltr'><strong>mox</strong></span> <span class='ocrx_word' id='word_1_206' title='bbox 712 1818 856 1849; x_wconf 83' lang='lat' dir='ltr'><strong>solutam</strong></span> <span class='ocrx_word' id='word_1_207' title='bbox 891 1827 1012 1859; x_wconf 81' lang='lat' dir='ltr'><strong>pacem</strong></span> <span class='ocrx_word' id='word_1_208' title='bbox 1050 1815 1146 1849; x_wconf 82' lang='lat' dir='ltr'><strong>dixit.</strong></span> 
     </span>
    </p>

    <p class='ocr_par' dir='ltr' id='par_1_6' title="bbox 475 1866 520 1890">
     <span class='ocr_line' id='line_1_30' title="bbox 475 1866 520 1890; baseline 0 0"><span class='ocrx_word' id='word_1_209' title='bbox 475 1866 520 1890; x_wconf 76' lang='lat' dir='ltr'><strong>RN</strong></span> 
     </span>
    </p>

    <p class='ocr_par' dir='ltr' id='par_1_7' title="bbox 442 1901 1148 2445">
     <span class='ocr_line' id='line_1_31' title="bbox 486 1901 1146 1943; baseline -0.002 -10"><span class='ocrx_word' id='word_1_210' title='bbox 486 1901 579 1939; x_wconf 72' lang='lat' dir='ltr'><strong>Pax,</strong></span> <span class='ocrx_word' id='word_1_211' title='bbox 593 1902 657 1933; x_wconf 77' lang='lat' dir='ltr'><strong>nisi</strong></span> <span class='ocrx_word' id='word_1_212' title='bbox 669 1903 833 1943; x_wconf 77' lang='lat' dir='ltr'><strong>languida</strong></span> <span class='ocrx_word' id='word_1_213' title='bbox 846 1907 876 1934; x_wconf 80' lang='lat' dir='ltr'><strong>et</strong></span> <span class='ocrx_word' id='word_1_214' title='bbox 890 1902 1014 1943; x_wconf 77' lang='lat' dir='ltr'><strong>soluta]</strong></span> <span class='ocrx_word' id='word_1_215' title='bbox 1029 1901 1146 1941; x_wconf 83' lang='lat' dir='ltr'><strong>Agita-</strong></span> 
     </span>
     <span class='ocr_line' id='line_1_32' title="bbox 442 1943 1146 1985; baseline 0.001 -11"><span class='ocrx_word' id='word_1_216' title='bbox 442 1943 539 1982; x_wconf 87' lang='lat' dir='ltr'><strong>bant,</strong></span> <span class='ocrx_word' id='word_1_217' title='bbox 574 1945 696 1984; x_wconf 89' lang='lat' dir='ltr'><strong>inquit,</strong></span> <span class='ocrx_word' id='word_1_218' title='bbox 729 1950 890 1985; x_wconf 84' lang='lat' dir='ltr'><strong>tanquam</strong></span> <span class='ocrx_word' id='word_1_219' title='bbox 927 1946 1020 1976; x_wconf 91' lang='lat' dir='ltr'><strong>nullo</strong></span> <span class='ocrx_word' id='word_1_220' title='bbox 1058 1943 1146 1976; x_wconf 89' lang='lat' dir='ltr'><strong>bello</strong></span> 
     </span>
     <span class='ocr_line' id='line_1_33' title="bbox 442 1987 1148 2029; baseline 0 -12"><span class='ocrx_word' id='word_1_221' title='bbox 442 1991 543 2026; x_wconf 87' lang='lat' dir='ltr'><strong>atque</strong></span> <span class='ocrx_word' id='word_1_222' title='bbox 565 1988 601 2018; x_wconf 92' lang='lat' dir='ltr'><strong>in</strong></span> <span class='ocrx_word' id='word_1_223' title='bbox 625 1987 733 2019; x_wconf 86' lang='lat' dir='ltr'><strong>media</strong></span> <span class='ocrx_word' id='word_1_224' title='bbox 758 1998 838 2029; x_wconf 87' lang='lat' dir='ltr'><strong>pace</strong></span> <span class='ocrx_word' id='word_1_225' title='bbox 859 1988 984 2020; x_wconf 83' lang='lat' dir='ltr'><strong>securi:</strong></span> <span class='ocrx_word' id='word_1_226' title='bbox 1009 1997 1071 2019; x_wconf 86' lang='lat' dir='ltr'><strong>nec</strong></span> <span class='ocrx_word' id='word_1_227' title='bbox 1094 1992 1148 2017; x_wconf 89' lang='lat' dir='ltr'><strong>ta-</strong></span> 
     </span>
     <span class='ocr_line' id='line_1_34' title="bbox 442 2029 1146 2071; baseline 0.001 -12"><span class='ocrx_word' id='word_1_228' title='bbox 442 2038 535 2067; x_wconf 87' lang='lat' dir='ltr'><strong>men,</strong></span> <span class='ocrx_word' id='word_1_229' title='bbox 551 2034 590 2060; x_wconf 85' lang='lat' dir='ltr'><strong>ut</strong></span> <span class='ocrx_word' id='word_1_230' title='bbox 609 2038 699 2071; x_wconf 84' lang='lat' dir='ltr'><strong>pace</strong></span> <span class='ocrx_word' id='word_1_231' title='bbox 701 2029 852 2062; x_wconf 88' lang='lat' dir='ltr'><strong>homines</strong></span> <span class='ocrx_word' id='word_1_232' title='bbox 867 2031 966 2062; x_wconf 80' lang='lat' dir='ltr'><strong>sobrii</strong></span> <span class='ocrx_word' id='word_1_233' title='bbox 982 2034 1016 2061; x_wconf 85' lang='lat' dir='ltr'><strong>et</strong></span> <span class='ocrx_word' id='word_1_234' title='bbox 1032 2029 1146 2070; x_wconf 82' lang='lat' dir='ltr'><strong>vigiles</strong></span> 
     </span>
     <span class='ocr_line' id='line_1_35' title="bbox 445 2071 1146 2122; baseline 0 -20"><span class='ocrx_word' id='word_1_235' title='bbox 445 2071 580 2122; x_wconf 83' lang='lat' dir='ltr'><strong>(quippe</strong></span> <span class='ocrx_word' id='word_1_236' title='bbox 609 2073 664 2113; x_wconf 87' lang='lat' dir='ltr'><strong>qui</strong></span> <span class='ocrx_word' id='word_1_237' title='bbox 686 2072 850 2104; x_wconf 82' lang='lat' dir='ltr'><strong>hactenus</strong></span> <span class='ocrx_word' id='word_1_238' title='bbox 877 2073 1070 2115; x_wconf 85' lang='lat' dir='ltr'><strong>plerumque</strong></span> <span class='ocrx_word' id='word_1_239' title='bbox 1097 2072 1146 2102; x_wconf 92' lang='lat' dir='ltr'><strong>in-</strong></span> 
     </span>
     <span class='ocr_line' id='line_1_36' title="bbox 442 2114 1147 2156; baseline 0.001 -11"><span class='ocrx_word' id='word_1_240' title='bbox 442 2115 530 2146; x_wconf 85' lang='lat' dir='ltr'><strong>tenti</strong></span> <span class='ocrx_word' id='word_1_241' title='bbox 560 2119 613 2146; x_wconf 90' lang='lat' dir='ltr'><strong>et</strong></span> <span class='ocrx_word' id='word_1_242' title='bbox 630 2115 680 2146; x_wconf 91' lang='lat' dir='ltr'><strong>sui</strong></span> <span class='ocrx_word' id='word_1_243' title='bbox 711 2122 903 2156; x_wconf 77' lang='lat' dir='ltr'><strong>compote53</strong></span> <span class='ocrx_word' id='word_1_244' title='bbox 938 2123 977 2146; x_wconf 87' lang='lat' dir='ltr'><strong>ut</strong></span> <span class='ocrx_word' id='word_1_245' title='bbox 1011 2116 1038 2146; x_wconf 91' lang='lat' dir='ltr'><strong>si</strong></span> <span class='ocrx_word' id='word_1_246' title='bbox 1069 2114 1147 2156; x_wconf 86' lang='lat' dir='ltr'><strong>quid</strong></span> 
     </span>
     <span class='ocr_line' id='line_1_37' title="bbox 443 2157 1143 2208; baseline 0.001 -21"><span class='ocrx_word' id='word_1_247' title='bbox 443 2157 592 2188; x_wconf 80' lang='lat' dir='ltr'><strong>subitum</strong></span> <span class='ocrx_word' id='word_1_248' title='bbox 608 2157 755 2198; x_wconf 83' lang='lat' dir='ltr'><strong>ingruat,</strong></span> <span class='ocrx_word' id='word_1_249' title='bbox 771 2164 829 2189; x_wconf 87' lang='lat' dir='ltr'><strong>aut</strong></span> <span class='ocrx_word' id='word_1_250' title='bbox 849 2169 941 2190; x_wconf 83' lang='lat' dir='ltr'><strong>arma</strong></span> <span class='ocrx_word' id='word_1_251' title='bbox 956 2162 1015 2190; x_wconf 86' lang='lat' dir='ltr'><strong>aut</strong></span> <span class='ocrx_word' id='word_1_252' title='bbox 1028 2158 1143 2208; x_wconf 82' lang='lat' dir='ltr'><strong>fugam</strong></span> 
     </span>
     <span class='ocr_line' id='line_1_38' title="bbox 444 2200 1145 2239; baseline 0.001 -9"><span class='ocrx_word' id='word_1_253' title='bbox 444 2209 590 2239; x_wconf 66' lang='lat' dir='ltr'><strong>quaerere</strong></span> <span class='ocrx_word' id='word_1_254' title='bbox 618 2200 763 2239; x_wconf 79' lang='lat' dir='ltr'><strong>norint),</strong></span> <span class='ocrx_word' id='word_1_255' title='bbox 792 2202 860 2238; x_wconf 88' lang='lat' dir='ltr'><strong>sed,</strong></span> <span class='ocrx_word' id='word_1_256' title='bbox 889 2206 928 2232; x_wconf 86' lang='lat' dir='ltr'><strong>ut</strong></span> <span class='ocrx_word' id='word_1_257' title='bbox 963 2201 1079 2238; x_wconf 83' lang='lat' dir='ltr'><strong>saucii,</strong></span> <span class='ocrx_word' id='word_1_258' title='bbox 1106 2211 1145 2231; x_wconf 87' lang='lat' dir='ltr'><strong>ac</strong></span> 
     </span>
     <span class='ocr_line' id='line_1_39' title="bbox 443 2242 1144 2284; baseline 0.003 -12"><span class='ocrx_word' id='word_1_259' title='bbox 443 2251 512 2282; x_wconf 83' lang='lat' dir='ltr'><strong>prae</strong></span> <span class='ocrx_word' id='word_1_260' title='bbox 542 2242 682 2284; x_wconf 80' lang='lat' dir='ltr'><strong>poculis,</strong></span> <span class='ocrx_word' id='word_1_261' title='bbox 709 2243 765 2273; x_wconf 88' lang='lat' dir='ltr'><strong>ubi</strong></span> <span class='ocrx_word' id='word_1_262' title='bbox 793 2249 915 2280; x_wconf 84' lang='lat' dir='ltr'><strong>essent,</strong></span> <span class='ocrx_word' id='word_1_263' title='bbox 949 2243 1144 2281; x_wconf 85' lang='lat' dir='ltr'><strong>nescientes,</strong></span> 
     </span>
     <span class='ocr_line' id='line_1_40' title="bbox 442 2285 1147 2327; baseline 0.001 -12"><span class='ocrx_word' id='word_1_264' title='bbox 442 2285 640 2316; x_wconf 83' lang='lat' dir='ltr'><strong>marcebant</strong></span> <span class='ocrx_word' id='word_1_265' title='bbox 646 2285 900 2327; x_wconf 79' lang='lat' dir='ltr'><strong>torpebantque.</strong></span> <span class='ocrx_word' id='word_1_266' title='bbox 916 2286 1028 2317; x_wconf 72' lang='lat' dir='ltr'><strong>GRoN.</strong></span> <span class='ocrx_word' id='word_1_267' title='bbox 1051 2286 1147 2317; x_wconf 81' lang='lat' dir='ltr'><strong>Alius</strong></span> 
     </span>
     <span class='ocr_line' id='line_1_41' title="bbox 442 2326 1147 2369; baseline 0.001 -12"><span class='ocrx_word' id='word_1_268' title='bbox 442 2326 595 2359; x_wconf 80' lang='lat' dir='ltr'><strong>dixisset.</strong></span> <span class='ocrx_word' id='word_1_269' title='bbox 627 2327 667 2359; x_wconf 85' lang='lat' dir='ltr'><strong>Si</strong></span> <span class='ocrx_word' id='word_1_270' title='bbox 695 2328 786 2360; x_wconf 85' lang='lat' dir='ltr'><strong>modo</strong></span> <span class='ocrx_word' id='word_1_271' title='bbox 808 2330 911 2369; x_wconf 83' lang='lat' dir='ltr'><strong>quies,</strong></span> <span class='ocrx_word' id='word_1_272' title='bbox 934 2333 964 2359; x_wconf 79' lang='lat' dir='ltr'><strong>ec</strong></span> <span class='ocrx_word' id='word_1_273' title='bbox 990 2330 1147 2368; x_wconf 78' lang='lat' dir='ltr'><strong>languor,</strong></span> 
     </span>
     <span class='ocr_line' id='line_1_42' title="bbox 442 2372 1148 2412; baseline 0.006 -14"><span class='ocrx_word' id='word_1_274' title='bbox 442 2373 552 2410; x_wconf 80' lang='lat' dir='ltr'><strong>torpor</strong></span> <span class='ocrx_word' id='word_1_275' title='bbox 567 2372 834 2410; x_wconf 74' lang='lat' dir='ltr'><strong>temulentorum,</strong></span> <span class='ocrx_word' id='word_1_276' title='bbox 846 2381 919 2412; x_wconf 76' lang='lat' dir='ltr'><strong>pax</strong></span> <span class='ocrx_word' id='word_1_277' title='bbox 939 2372 1076 2402; x_wconf 78' lang='lat' dir='ltr'><strong>dicenda</strong></span> <span class='ocrx_word' id='word_1_278' title='bbox 1090 2375 1148 2402; x_wconf 77' lang='lat' dir='ltr'><strong>est.</strong></span> 
     </span>
     <span class='ocr_line' id='line_1_43' title="bbox 442 2412 1091 2445; baseline 0.002 -2"><span class='ocrx_word' id='word_1_279' title='bbox 442 2412 568 2444; x_wconf 87' lang='lat' dir='ltr'><strong>Saltem</strong></span> <span class='ocrx_word' id='word_1_280' title='bbox 584 2413 718 2444; x_wconf 83' lang='lat' dir='ltr'><strong>dixisset</strong></span> <span class='ocrx_word' id='word_1_281' title='bbox 731 2417 772 2444; x_wconf 78' lang='lat' dir='ltr'><strong>ut</strong></span> <span class='ocrx_word' id='word_1_282' title='bbox 784 2415 870 2445; x_wconf 77' lang='lat' dir='ltr'><strong>inter</strong></span> <span class='ocrx_word' id='word_1_283' title='bbox 886 2415 1091 2445; x_wconf 76' lang='lat' dir='ltr'><strong>temulentos.</strong></span> 
     </span>
    </p>

    <p class='ocr_par' dir='ltr' id='par_1_8' title="bbox 441 2455 1144 2581">
     <span class='ocr_line' id='line_1_44' title="bbox 486 2455 1144 2497; baseline -0.002 -10"><span class='ocrx_word' id='word_1_284' title='bbox 486 2455 648 2495; x_wconf 75' lang='lat' dir='ltr'><strong>Legiones</strong></span> <span class='ocrx_word' id='word_1_285' title='bbox 668 2456 804 2497; x_wconf 81' lang='lat' dir='ltr'><strong>avidas]</strong></span> <span class='ocrx_word' id='word_1_286' title='bbox 823 2457 902 2487; x_wconf 88' lang='lat' dir='ltr'><strong>Non</strong></span> <span class='ocrx_word' id='word_1_287' title='bbox 929 2462 1000 2487; x_wconf 87' lang='lat' dir='ltr'><strong>tam</strong></span> <span class='ocrx_word' id='word_1_288' title='bbox 1025 2455 1144 2495; x_wconf 84' lang='lat' dir='ltr'><strong>praedae</strong></span> 
     </span>
     <span class='ocr_line' id='line_1_45' title="bbox 442 2497 1144 2537; baseline 0.001 -9"><span class='ocrx_word' id='word_1_289' title='bbox 442 2507 542 2537; x_wconf 83' lang='lat' dir='ltr'><strong>quam</strong></span> <span class='ocrx_word' id='word_1_290' title='bbox 558 2498 668 2530; x_wconf 78' lang='lat' dir='ltr'><strong>caedis.</strong></span> <span class='ocrx_word' id='word_1_291' title='bbox 693 2497 781 2530; x_wconf 85' lang='lat' dir='ltr'><strong>Iram</strong></span> <span class='ocrx_word' id='word_1_292' title='bbox 797 2498 978 2536; x_wconf 79' lang='lat' dir='ltr'><strong>effundere,</strong></span> <span class='ocrx_word' id='word_1_293' title='bbox 994 2499 1144 2529; x_wconf 86' lang='lat' dir='ltr'><strong>animum</strong></span> 
     </span>
     <span class='ocr_line' id='line_1_46' title="bbox 441 2540 753 2581; baseline 0.003 -10"><span class='ocrx_word' id='word_1_294' title='bbox 441 2540 571 2581; x_wconf 82' lang='lat' dir='ltr'><strong>explere</strong></span> <span class='ocrx_word' id='word_1_295' title='bbox 586 2541 753 2572; x_wconf 83' lang='lat' dir='ltr'><strong>v&#39;olebant.</strong></span> 
     </span>
    </p>

    <p class='ocr_par' dir='ltr' id='par_1_9' title="bbox 430 2582 1147 3007">
     <span class='ocr_line' id='line_1_47' title="bbox 486 2582 1146 2624; baseline -0.002 -10"><span class='ocrx_word' id='word_1_296' title='bbox 486 2583 673 2624; x_wconf 83' lang='lat' dir='ltr'><strong>Templum,</strong></span> <span class='ocrx_word' id='word_1_297' title='bbox 712 2584 798 2624; x_wconf 84' lang='lat' dir='ltr'><strong>quod</strong></span> <span class='ocrx_word' id='word_1_298' title='bbox 840 2582 1017 2624; x_wconf 73' lang='lat' dir='ltr'><strong>Tanfanoe]</strong></span> <span class='ocrx_word' id='word_1_299' title='bbox 1063 2583 1146 2622; x_wconf 70' lang='lat' dir='ltr'><strong>Quis</strong></span> 
     </span>
     <span class='ocr_line' id='line_1_48' title="bbox 441 2624 1146 2667; baseline 0.001 -11"><span class='ocrx_word' id='word_1_300' title='bbox 441 2624 547 2665; x_wconf 82' lang='lat' dir='ltr'><strong>Deus,</strong></span> <span class='ocrx_word' id='word_1_301' title='bbox 557 2635 630 2667; x_wconf 73' lang='lat' dir='ltr'><strong>quae</strong></span> <span class='ocrx_word' id='word_1_302' title='bbox 644 2625 729 2657; x_wconf 86' lang='lat' dir='ltr'><strong>dea?</strong></span> <span class='ocrx_word' id='word_1_303' title='bbox 747 2626 888 2667; x_wconf 70' lang='lat' dir='ltr'><strong>Quidam</strong></span> <span class='ocrx_word' id='word_1_304' title='bbox 903 2625 1146 2666; x_wconf 65' lang='grc' dir='ltr'><strong>ἔτυμολογίζονσι</strong></span> 
     </span>
     <span class='ocr_line' id='line_1_49' title="bbox 441 2667 1147 2709; baseline 0.001 -10"><span class='ocrx_word' id='word_1_305' title='bbox 441 2669 533 2708; x_wconf 86' lang='lat' dir='ltr'><strong>quasi</strong></span> <span class='ocrx_word' id='word_1_306' title='bbox 559 2673 657 2706; x_wconf 87' lang='lat' dir='ltr'><strong>esset,</strong></span> <span class='ocrx_word' id='word_1_307' title='bbox 687 2667 880 2708; x_wconf 74' lang='lat' dir='ltr'><strong>Tanfanck,</strong></span> <span class='ocrx_word' id='word_1_308' title='bbox 908 2668 997 2709; x_wconf 86' lang='lat' dir='ltr'><strong>quod</strong></span> <span class='ocrx_word' id='word_1_309' title='bbox 1031 2669 1147 2709; x_wconf 80' lang='lat' dir='ltr'><strong>lingua</strong></span> 
     </span>
     <span class='ocr_line' id='line_1_50' title="bbox 441 2711 1147 2761; baseline 0 -19"><span class='ocrx_word' id='word_1_310' title='bbox 441 2715 556 2743; x_wconf 85' lang='lat' dir='ltr'><strong>nostra</strong></span> <span class='ocrx_word' id='word_1_311' title='bbox 588 2711 786 2761; x_wconf 81' lang='lat' dir='ltr'><strong>principium</strong></span> <span class='ocrx_word' id='word_1_312' title='bbox 824 2721 948 2742; x_wconf 81' lang='lat' dir='ltr'><strong>rerum.</strong></span> <span class='ocrx_word' id='word_1_313' title='bbox 991 2711 1037 2742; x_wconf 85' lang='lat' dir='ltr'><strong>At</strong></span> <span class='ocrx_word' id='word_1_314' title='bbox 1071 2712 1147 2743; x_wconf 86' lang='lat' dir='ltr'><strong>Bri·</strong></span> 
     </span>
     <span class='ocr_line' id='line_1_51' title="bbox 440 2753 1144 2795; baseline 0 -11"><span class='ocrx_word' id='word_1_315' title='bbox 440 2754 537 2785; x_wconf 85' lang='lat' dir='ltr'><strong>tanni</strong></span> <span class='ocrx_word' id='word_1_316' title='bbox 560 2754 672 2795; x_wconf 85' lang='lat' dir='ltr'><strong>prisci,</strong></span> <span class='ocrx_word' id='word_1_317' title='bbox 694 2762 753 2784; x_wconf 86' lang='lat' dir='ltr'><strong>sua</strong></span> <span class='ocrx_word' id='word_1_318' title='bbox 776 2753 892 2788; x_wconf 65' lang='lat' dir='ltr'><strong>linffna</strong></span> <span class='ocrx_word' id='word_1_319' title='bbox 913 2754 1002 2794; x_wconf 84' lang='lat' dir='ltr'><strong>Tan,</strong></span> <span class='ocrx_word' id='word_1_320' title='bbox 1030 2755 1144 2793; x_wconf 86' lang='lat' dir='ltr'><strong>ignem</strong></span> 
     </span>
     <span class='ocr_line' id='line_1_52' title="bbox 440 2795 1145 2837; baseline 0.001 -12"><span class='ocrx_word' id='word_1_321' title='bbox 440 2801 573 2828; x_wconf 84' lang='lat' dir='ltr'><strong>vocant.</strong></span> <span class='ocrx_word' id='word_1_322' title='bbox 589 2796 682 2827; x_wconf 70' lang='lat' dir='ltr'><strong>Ln’s.</strong></span> <span class='ocrx_word' id='word_1_323' title='bbox 711 2795 1145 2837; x_wconf 81' lang='lat' dir='ltr'><strong>Locceniusinterpretatur</strong></span> 
     </span>
     <span class='ocr_line' id='line_1_53' title="bbox 442 2836 1144 2880; baseline -0.003 -10"><span class='ocrx_word' id='word_1_324' title='bbox 442 2836 475 2871; x_wconf 88' lang='grc' dir='ltr'><strong><em>Ι</em></strong></span> <span class='ocrx_word' id='word_1_325' title='bbox 476 2849 529 2870; x_wconf 74' lang='lat' dir='ltr'><strong>um</strong></span> <span class='ocrx_word' id='word_1_326' title='bbox 536 2843 724 2880; x_wconf 77' lang='lat' dir='ltr'><strong>patronus</strong></span> <span class='ocrx_word' id='word_1_327' title='bbox 746 2843 784 2868; x_wconf 90' lang='lat' dir='ltr'><strong>ut</strong></span> <span class='ocrx_word' id='word_1_328' title='bbox 798 2839 840 2868; x_wconf 90' lang='lat' dir='ltr'><strong>sit</strong></span> <span class='ocrx_word' id='word_1_329' title='bbox 857 2849 874 2869; x_wconf 86' lang='lat' dir='ltr'><strong>e</strong></span> <span class='ocrx_word' id='word_1_330' title='bbox 892 2839 979 2876; x_wconf 85' lang='lat' dir='ltr'><strong>Tan,</strong></span> <span class='ocrx_word' id='word_1_331' title='bbox 995 2839 1094 2874; x_wconf 76' lang='lat' dir='ltr'><strong>abies,</strong></span> <span class='ocrx_word' id='word_1_332' title='bbox 1109 2843 1144 2869; x_wconf 89' lang='lat' dir='ltr'><strong>et</strong></span> 
     </span>
     <span class='ocr_line' id='line_1_54' title="bbox 430 2880 1145 2922; baseline -0.001 -10"><span class='ocrx_word' id='word_1_333' title='bbox 430 2880 515 2922; x_wconf 85' lang='lat' dir='ltr'><strong>fan,</strong></span> <span class='ocrx_word' id='word_1_334' title='bbox 537 2882 698 2913; x_wconf 76' lang='lat' dir='ltr'><strong>dominus.</strong></span> <span class='ocrx_word' id='word_1_335' title='bbox 741 2881 786 2912; x_wconf 90' lang='lat' dir='ltr'><strong>D.</strong></span> <span class='ocrx_word' id='word_1_336' title='bbox 809 2881 941 2911; x_wconf 86' lang='lat' dir='ltr'><strong>Vossius</strong></span> <span class='ocrx_word' id='word_1_337' title='bbox 964 2886 1076 2911; x_wconf 84' lang='lat' dir='ltr'><strong>autem</strong></span> <span class='ocrx_word' id='word_1_338' title='bbox 1104 2880 1145 2911; x_wconf 83' lang='lat' dir='ltr'><strong>ad</strong></span> 
     </span>
     <span class='ocr_line' id='line_1_55' title="bbox 442 2923 1146 2964; baseline -0.001 -9"><span class='ocrx_word' id='word_1_339' title='bbox 442 2925 564 2956; x_wconf 82' lang='lat' dir='ltr'><strong>Caesar.</strong></span> <span class='ocrx_word' id='word_1_340' title='bbox 579 2924 620 2956; x_wconf 79' lang='grc' dir='ltr'><strong>Β.</strong></span> <span class='ocrx_word' id='word_1_341' title='bbox 636 2924 675 2955; x_wconf 80' lang='lat' dir='ltr'><strong>G.</strong></span> <span class='ocrx_word' id='word_1_342' title='bbox 691 2924 725 2961; x_wconf 86' lang='lat'><strong>6,</strong></span> <span class='ocrx_word' id='word_1_343' title='bbox 748 2927 796 2958; x_wconf 81' lang='grc'><strong>17.</strong></span> <span class='ocrx_word' id='word_1_344' title='bbox 812 2923 988 2963; x_wconf 79' lang='lat' dir='ltr'><strong>legendum</strong></span> <span class='ocrx_word' id='word_1_345' title='bbox 1004 2923 1146 2964; x_wconf 79' lang='lat' dir='ltr'><strong>putabat</strong></span> 
     </span>
     <span class='ocr_line' id='line_1_56' title="bbox 444 2965 1144 3007; baseline 0 -10"><span class='ocrx_word' id='word_1_346' title='bbox 444 2966 614 3007; x_wconf 81' lang='lat' dir='ltr'><strong>Teutanoe,</strong></span> <span class='ocrx_word' id='word_1_347' title='bbox 642 2971 732 2999; x_wconf 82' lang='lat' dir='ltr'><strong>recte</strong></span> <span class='ocrx_word' id='word_1_348' title='bbox 767 2967 976 3007; x_wconf 85' lang='lat' dir='ltr'><strong>improbante</strong></span> <span class='ocrx_word' id='word_1_349' title='bbox 1010 2965 1144 2997; x_wconf 88' lang='lat' dir='ltr'><strong>Ouden-</strong></span> 
     </span>
    </p>
   </div>
   <div class='ocr_carea' id='block_1_6' title="bbox 1791 1603 1956 2941">
    <p class='ocr_par' dir='ltr' id='par_1_10' title="bbox 1791 1603 1956 2941">
     <span class='ocr_line' id='line_1_57' title="bbox 1922 1603 1956 1793; baseline 0 -1"><span class='ocrx_word' id='word_1_350' title='bbox 1922 1603 1956 1793; x_wconf 95' lang='lat' dir='ltr'><strong>     </strong></span> 
     </span>
     <span class='ocr_line' id='line_1_58' title="bbox 1918 1793 1956 1953; baseline 0 -71"><span class='ocrx_word' id='word_1_351' title='bbox 1918 1793 1956 1953; x_wconf 95' lang='lat' dir='ltr'><strong>   </strong></span> 
     </span>
     <span class='ocr_line' id='line_1_59' title="bbox 1913 1953 1956 2136; baseline 0 0"><span class='ocrx_word' id='word_1_352' title='bbox 1913 1953 1956 2136; x_wconf 95' lang='lat' dir='ltr'><strong>   </strong></span> 
     </span>
     <span class='ocr_line' id='line_1_60' title="bbox 1903 2136 1956 2346; baseline 0 -38"><span class='ocrx_word' id='word_1_353' title='bbox 1903 2136 1956 2346; x_wconf 95' lang='lat' dir='ltr'><strong>    </strong></span> 
     </span>
     <span class='ocr_line' id='line_1_61' title="bbox 1903 2346 1956 2476; baseline 0.17 -88"><span class='ocrx_word' id='word_1_354' title='bbox 1903 2346 1956 2476; x_wconf 95' lang='lat' dir='ltr'><strong>   </strong></span> 
     </span>
     <span class='ocr_line' id='line_1_62' title="bbox 1900 2476 1956 2567; baseline 0 0"><span class='ocrx_word' id='word_1_355' title='bbox 1900 2476 1956 2567; x_wconf 95' lang='lat' dir='ltr'><strong>    </strong></span> 
     </span>
     <span class='ocr_line' id='line_1_63' title="bbox 1893 2567 1956 2646; baseline 0 604"><span class='ocrx_word' id='word_1_356' title='bbox 1893 2567 1956 2646; x_wconf 95' lang='lat' dir='ltr'><strong> </strong></span> 
     </span>
     <span class='ocr_line' id='line_1_64' title="bbox 1791 2646 1956 2941; baseline -0.012 -80"><span class='ocrx_word' id='word_1_357' title='bbox 1791 2646 1956 2941; x_wconf 95' lang='lat' dir='ltr'><strong>        </strong></span> 
     </span>
    </p>
   </div>
   <div class='ocr_carea' id='block_1_7' title="bbox 1182 1641 1956 3010">
    <p class='ocr_par' dir='ltr' id='par_1_11' title="bbox 1182 1641 1956 3010">
     <span class='ocr_line' id='line_1_65' title="bbox 1190 1641 1953 1687; baseline 0.001 -10"><span class='ocrx_word' id='word_1_358' title='bbox 1190 1644 1305 1687; x_wconf 86' lang='lat' dir='ltr'><strong>dorpio</strong></span> <span class='ocrx_word' id='word_1_359' title='bbox 1321 1644 1362 1677; x_wconf 89' lang='lat' dir='ltr'><strong>ad</strong></span> <span class='ocrx_word' id='word_1_360' title='bbox 1376 1645 1503 1677; x_wconf 82' lang='lat' dir='ltr'><strong>Lucan.</strong></span> <span class='ocrx_word' id='word_1_361' title='bbox 1521 1648 1549 1682; x_wconf 87' lang='lat' dir='ltr'><strong>l,</strong></span> <span class='ocrx_word' id='word_1_362' title='bbox 1563 1647 1639 1677; x_wconf 83' lang='lat'><strong>445.</strong></span> <span class='ocrx_word' id='word_1_363' title='bbox 1673 1644 1763 1678; x_wconf 72' lang='lat' dir='ltr'><strong>ERN.</strong></span> <span class='ocrx_word' id='word_1_364' title='bbox 1807 1641 1900 1678; x_wconf 63' lang='lat' dir='ltr'><strong>Prais-</strong></span> <span class='ocrx_word' id='word_1_365' title='bbox 1942 1650 1953 1675; x_wconf 67' lang='grc' dir='ltr'>Γ</span> 
     </span>
     <span class='ocr_line' id='line_1_66' title="bbox 1190 1688 1951 1724; baseline 0.007 -6"><span class='ocrx_word' id='word_1_366' title='bbox 1190 1695 1243 1719; x_wconf 85' lang='lat' dir='ltr'><strong>ter</strong></span> <span class='ocrx_word' id='word_1_367' title='bbox 1266 1688 1349 1719; x_wconf 90' lang='lat' dir='ltr'><strong>alios</strong></span> <span class='ocrx_word' id='word_1_368' title='bbox 1367 1688 1455 1720; x_wconf 86' lang='lat' dir='ltr'><strong>conf.</strong></span> <span class='ocrx_word' id='word_1_369' title='bbox 1471 1689 1647 1720; x_wconf 87' lang='lat' dir='ltr'><strong>Antonum</strong></span> <span class='ocrx_word' id='word_1_370' title='bbox 1671 1688 1706 1719; x_wconf 89' lang='lat' dir='ltr'><strong>in</strong></span> <span class='ocrx_word' id='word_1_371' title='bbox 1717 1688 1761 1724; x_wconf 77' lang='lat' dir='ltr'><strong>j&#39;l.</strong></span> <span class='ocrx_word' id='word_1_372' title='bbox 1779 1688 1828 1723; x_wconf 82' lang='lat' dir='ltr'><strong>H.</strong></span> <span class='ocrx_word' id='word_1_373' title='bbox 1844 1690 1896 1722; x_wconf 83' lang='lat' dir='ltr'><strong>M.</strong></span> <span class='ocrx_word' id='word_1_374' title='bbox 1941 1688 1951 1694; x_wconf 51' lang='lat'><em>⁶</em></span> 
     </span>
     <span class='ocr_line' id='line_1_67' title="bbox 1190 1729 1952 1772; baseline 0.007 -10"><span class='ocrx_word' id='word_1_375' title='bbox 1190 1731 1336 1762; x_wconf 86' lang='lat' dir='ltr'><strong>Ernestii</strong></span> <span class='ocrx_word' id='word_1_376' title='bbox 1365 1731 1551 1763; x_wconf 81' lang='lat' dir='ltr'><strong>Miscellan.</strong></span> <span class='ocrx_word' id='word_1_377' title='bbox 1578 1731 1715 1772; x_wconf 87' lang='lat' dir='ltr'><strong>Antiqq.</strong></span> <span class='ocrx_word' id='word_1_378' title='bbox 1738 1731 1896 1766; x_wconf 78' lang='lat' dir='ltr'><strong>German.</strong></span> <span class='ocrx_word' id='word_1_379' title='bbox 1937 1729 1952 1762; x_wconf 62' lang='grc' dir='ltr'><em>ἶ</em></span> 
     </span>
     <span class='ocr_line' id='line_1_68' title="bbox 1190 1773 1936 1815; baseline 0 -10"><span class='ocrx_word' id='word_1_380' title='bbox 1190 1784 1224 1815; x_wconf 84' lang='lat' dir='ltr'><strong>p.</strong></span> <span class='ocrx_word' id='word_1_381' title='bbox 1242 1777 1317 1805; x_wconf 84' lang='lat'><strong>210.</strong></span> <span class='ocrx_word' id='word_1_382' title='bbox 1331 1784 1406 1805; x_wconf 84' lang='lat' dir='ltr'><strong>cum</strong></span> <span class='ocrx_word' id='word_1_383' title='bbox 1424 1774 1516 1805; x_wconf 80' lang='lat' dir='ltr'><strong>notis</strong></span> <span class='ocrx_word' id='word_1_384' title='bbox 1524 1773 1672 1806; x_wconf 77' lang='lat' dir='ltr'><strong>editoris.</strong></span> <span class='ocrx_word' id='word_1_385' title='bbox 1760 1797 1766 1801; x_wconf 66' lang='grc'><strong>-</strong></span> <span class='ocrx_word' id='word_1_386' title='bbox 1929 1783 1936 1793; x_wconf 76' lang='grc'>1</span> 
     </span>
     <span class='ocr_line' id='line_1_69' title="bbox 1234 1815 1945 1860; baseline 0.003 -12"><span class='ocrx_word' id='word_1_387' title='bbox 1234 1816 1314 1848; x_wconf 82' lang='lat' dir='ltr'><strong>Sine</strong></span> <span class='ocrx_word' id='word_1_388' title='bbox 1329 1818 1465 1848; x_wconf 83' lang='lat' dir='ltr'><strong>vulnere</strong></span> <span class='ocrx_word' id='word_1_389' title='bbox 1479 1815 1614 1857; x_wconf 74' lang='lat' dir='ltr'><strong>milites]</strong></span> <span class='ocrx_word' id='word_1_390' title='bbox 1633 1815 1784 1848; x_wconf 79' lang='lat' dir='ltr'><strong>Freinsh.</strong></span> <span class='ocrx_word' id='word_1_391' title='bbox 1797 1820 1896 1859; x_wconf 81' lang='lat' dir='ltr'><strong>puta-</strong></span> <span class='ocrx_word' id='word_1_392' title='bbox 1942 1858 1945 1860; x_wconf 17' lang='lat' dir='ltr'>q</span> 
     </span>
     <span class='ocr_line' id='line_1_70' title="bbox 1188 1859 1942 1902; baseline 0.003 -12"><span class='ocrx_word' id='word_1_393' title='bbox 1188 1859 1451 1900; x_wconf 82' lang='lat' dir='ltr'><strong>batlegendum,</strong></span> <span class='ocrx_word' id='word_1_394' title='bbox 1464 1860 1534 1890; x_wconf 77' lang='lat' dir='ltr'><strong>eine</strong></span> <span class='ocrx_word' id='word_1_395' title='bbox 1545 1860 1683 1890; x_wconf 79' lang='lat' dir='ltr'><strong>vulnere</strong></span> <span class='ocrx_word' id='word_1_396' title='bbox 1694 1860 1898 1902; x_wconf 73' lang='lat' dir='ltr'><strong>militis,qu2·</strong></span> <span class='ocrx_word' id='word_1_397' title='bbox 1938 1893 1942 1897; x_wconf 75' lang='grc'>,</span> 
     </span>
     <span class='ocr_line' id='line_1_71' title="bbox 1188 1901 1931 1936; baseline 0.003 -3"><span class='ocrx_word' id='word_1_398' title='bbox 1188 1903 1395 1933; x_wconf 77' lang='lat' dir='ltr'><strong>semisomnos</strong></span> <span class='ocrx_word' id='word_1_399' title='bbox 1422 1906 1487 1933; x_wconf 88' lang='lat' dir='ltr'><strong>etc.</strong></span> <span class='ocrx_word' id='word_1_400' title='bbox 1516 1901 1689 1933; x_wconf 70' lang='lat' dir='ltr'><strong>ceciderat.</strong></span> <span class='ocrx_word' id='word_1_401' title='bbox 1733 1901 1812 1934; x_wconf 89' lang='lat' dir='ltr'><strong>Non</strong></span> <span class='ocrx_word' id='word_1_402' title='bbox 1842 1909 1896 1936; x_wconf 82' lang='lat' dir='ltr'><strong>est</strong></span> <span class='ocrx_word' id='word_1_403' title='bbox 1926 1914 1931 1923; x_wconf 78' lang='lat'><em>¹</em></span> 
     </span>
     <span class='ocr_line' id='line_1_72' title="bbox 1189 1944 1928 1995; baseline 0.004 -20"><span class='ocrx_word' id='word_1_404' title='bbox 1189 1945 1421 1976; x_wconf 80' lang='lat' dir='ltr'><strong>necessarium.</strong></span> <span class='ocrx_word' id='word_1_405' title='bbox 1445 1944 1531 1977; x_wconf 58' lang='lat' dir='ltr'><strong>Emi,</strong></span> <span class='ocrx_word' id='word_1_406' title='bbox 1557 1944 1715 1995; x_wconf 60' lang='grc' dir='ltr'><strong>Δηὼ-υς</strong></span> <span class='ocrx_word' id='word_1_407' title='bbox 1728 1953 1756 1976; x_wconf 89' lang='lat' dir='ltr'><strong>s.</strong></span> <span class='ocrx_word' id='word_1_408' title='bbox 1755 1945 1898 1994; x_wconf 60' lang='grc' dir='ltr'><strong>ἄτρυτοι</strong></span> <span class='ocrx_word' id='word_1_409' title='bbox 1919 1973 1928 1979; x_wconf 75' lang='grc'><strong>,,</strong></span> 
     </span>
     <span class='ocr_line' id='line_1_73' title="bbox 1188 1986 1925 2020; baseline 0.003 -2"><span class='ocrx_word' id='word_1_410' title='bbox 1188 1987 1363 2018; x_wconf 78' lang='lat' dir='ltr'><strong>discessere</strong></span> <span class='ocrx_word' id='word_1_411' title='bbox 1377 1996 1403 2018; x_wconf 91' lang='lat' dir='ltr'><strong>s.</strong></span> <span class='ocrx_word' id='word_1_412' title='bbox 1417 1986 1510 2018; x_wconf 84' lang='lat' dir='ltr'><strong>fuere</strong></span> <span class='ocrx_word' id='word_1_413' title='bbox 1524 1987 1646 2018; x_wconf 82' lang='lat' dir='ltr'><strong>milites</strong></span> <span class='ocrx_word' id='word_1_414' title='bbox 1660 1987 1778 2019; x_wconf 81' lang='lat' dir='ltr'><strong>nostri.</strong></span> <span class='ocrx_word' id='word_1_415' title='bbox 1799 1988 1925 2020; x_wconf 74' lang='lat' dir='ltr'><strong>Nihil</strong></span> 
     </span>
     <span class='ocr_line' id='line_1_74' title="bbox 1188 2029 1915 2070; baseline 0.003 -9"><span class='ocrx_word' id='word_1_416' title='bbox 1188 2030 1309 2061; x_wconf 81' lang='lat' dir='ltr'><strong>durum</strong></span> <span class='ocrx_word' id='word_1_417' title='bbox 1335 2030 1397 2060; x_wconf 86' lang='lat' dir='ltr'><strong>nisi</strong></span> <span class='ocrx_word' id='word_1_418' title='bbox 1419 2029 1543 2070; x_wconf 80' lang='lat' dir='ltr'><strong>ellipsis</strong></span> <span class='ocrx_word' id='word_1_419' title='bbox 1565 2030 1656 2061; x_wconf 80' lang='lat' dir='ltr'><strong>verbi</strong></span> <span class='ocrx_word' id='word_1_420' title='bbox 1680 2029 1915 2070; x_wconf 77' lang='lat' dir='ltr'><strong>substantivi,</strong></span> 
     </span>
     <span class='ocr_line' id='line_1_75' title="bbox 1189 2071 1939 2113; baseline 0.003 -10"><span class='ocrx_word' id='word_1_421' title='bbox 1189 2083 1255 2113; x_wconf 89' lang='lat' dir='ltr'><strong>qua</strong></span> <span class='ocrx_word' id='word_1_422' title='bbox 1271 2071 1354 2103; x_wconf 88' lang='lat' dir='ltr'><strong>nihil</strong></span> <span class='ocrx_word' id='word_1_423' title='bbox 1370 2072 1547 2113; x_wconf 77' lang='lat' dir='ltr'><strong>vulgatius.</strong></span> <span class='ocrx_word' id='word_1_424' title='bbox 1918 2077 1919 2080; x_wconf 76' lang='grc'>’</span> <span class='ocrx_word' id='word_1_425' title='bbox 1937 2072 1939 2074; x_wconf 68' lang='grc'><strong>’</strong></span> 
     </span>
     <span class='ocr_line' id='line_1_76' title="bbox 1233 2114 1941 2156; baseline -0.003 -9"><span class='ocrx_word' id='word_1_426' title='bbox 1233 2115 1429 2155; x_wconf 73' lang='lat' dir='ltr'><strong>lacessitque</strong></span> <span class='ocrx_word' id='word_1_427' title='bbox 1441 2115 1555 2147; x_wconf 69' lang='lat' dir='ltr'><strong>itineri</strong></span> <span class='ocrx_word' id='word_1_428' title='bbox 1566 2117 1598 2146; x_wconf 76' lang='lat' dir='ltr'><strong>et</strong></span> <span class='ocrx_word' id='word_1_429' title='bbox 1607 2114 1739 2156; x_wconf 75' lang='lat' dir='ltr'><strong>proelio]</strong></span> <span class='ocrx_word' id='word_1_430' title='bbox 1757 2114 1896 2149; x_wconf 75' lang='lat' dir='ltr'><strong>Mollius</strong></span> <span class='ocrx_word' id='word_1_431' title='bbox 1922 2114 1941 2145; x_wconf 64' lang='grc' dir='ltr'><em>Τ</em></span> 
     </span>
     <span class='ocr_line' id='line_1_77' title="bbox 1187 2157 1928 2199; baseline 0.004 -10"><span class='ocrx_word' id='word_1_432' title='bbox 1187 2158 1273 2189; x_wconf 90' lang='lat' dir='ltr'><strong>idem</strong></span> <span class='ocrx_word' id='word_1_433' title='bbox 1296 2157 1379 2188; x_wconf 85' lang='lat' dir='ltr'><strong>dixit</strong></span> <span class='ocrx_word' id='word_1_434' title='bbox 1405 2160 1456 2195; x_wconf 81' lang='lat'><strong>13,</strong></span> <span class='ocrx_word' id='word_1_435' title='bbox 1471 2159 1524 2189; x_wconf 83' lang='lat'><strong>40.</strong></span> <span class='ocrx_word' id='word_1_436' title='bbox 1569 2157 1651 2188; x_wconf 81' lang='lat' dir='ltr'><strong>Non</strong></span> <span class='ocrx_word' id='word_1_437' title='bbox 1672 2159 1794 2199; x_wconf 72' lang='lat' dir='ltr'><strong>ignaro</strong></span> <span class='ocrx_word' id='word_1_438' title='bbox 1812 2159 1919 2192; x_wconf 79' lang='lat' dir='ltr'><strong>duee</strong></span> <span class='ocrx_word' id='word_1_439' title='bbox 1920 2158 1928 2182; x_wconf 68' lang='grc' dir='ltr'><em>Γ</em></span> 
     </span>
     <span class='ocr_line' id='line_1_78' title="bbox 1188 2201 1917 2243; baseline 0.004 -12"><span class='ocrx_word' id='word_1_440' title='bbox 1188 2205 1308 2237; x_wconf 73' lang='lat' dir='ltr'><strong>nostro,</strong></span> <span class='ocrx_word' id='word_1_441' title='bbox 1323 2201 1380 2241; x_wconf 85' lang='lat' dir='ltr'><strong>qui</strong></span> <span class='ocrx_word' id='word_1_442' title='bbox 1393 2202 1455 2231; x_wconf 63' lang='grc' dir='ltr'><strong>νέω</strong></span> <span class='ocrx_word' id='word_1_443' title='bbox 1471 2201 1615 2240; x_wconf 74' lang='lat' dir='ltr'><strong>pariter,</strong></span> <span class='ocrx_word' id='word_1_444' title='bbox 1626 2204 1794 2243; x_wconf 74' lang='lat' dir='ltr'><strong>etpugnae</strong></span> <span class='ocrx_word' id='word_1_445' title='bbox 1804 2210 1899 2234; x_wconf 66' lang='lat' dir='ltr'><strong>eon-</strong></span> <span class='ocrx_word' id='word_1_446' title='bbox 1914 2224 1917 2230; x_wconf 65' lang='lat'>,</span> 
     </span>
     <span class='ocr_line' id='line_1_79' title="bbox 1182 2242 1946 2286; baseline 0.003 -12"><span class='ocrx_word' id='word_1_447' title='bbox 1182 2247 1341 2284; x_wconf 70' lang='lat' dir='ltr'><strong>pamm-at</strong></span> <span class='ocrx_word' id='word_1_448' title='bbox 1354 2244 1547 2274; x_wconf 73' lang='lat' dir='ltr'><strong>exercitum.</strong></span> <span class='ocrx_word' id='word_1_449' title='bbox 1571 2242 1662 2274; x_wconf 72' lang='lat' dir='ltr'><strong>ERN.</strong></span> <span class='ocrx_word' id='word_1_450' title='bbox 1698 2243 1813 2276; x_wconf 80' lang='lat' dir='ltr'><strong>luten.</strong></span> <span class='ocrx_word' id='word_1_451' title='bbox 1826 2251 1913 2286; x_wconf 74' lang='lat' dir='ltr'><strong>pa·</strong></span> <span class='ocrx_word' id='word_1_452' title='bbox 1923 2267 1946 2281; x_wconf 67' lang='grc'><strong>-,</strong></span> 
     </span>
     <span class='ocr_line' id='line_1_80' title="bbox 1189 2284 1956 2326; baseline 0.004 -10"><span class='ocrx_word' id='word_1_453' title='bbox 1189 2292 1297 2324; x_wconf 82' lang='lat' dir='ltr'><strong>ratus,</strong></span> <span class='ocrx_word' id='word_1_454' title='bbox 1322 2290 1360 2316; x_wconf 87' lang='lat' dir='ltr'><strong>ut</strong></span> <span class='ocrx_word' id='word_1_455' title='bbox 1387 2286 1470 2316; x_wconf 87' lang='lat' dir='ltr'><strong>bene</strong></span> <span class='ocrx_word' id='word_1_456' title='bbox 1500 2286 1626 2317; x_wconf 74' lang='lat' dir='ltr'><strong>Mur-et.</strong></span> <span class='ocrx_word' id='word_1_457' title='bbox 1652 2286 1708 2326; x_wconf 86' lang='lat' dir='ltr'><strong>qui</strong></span> <span class='ocrx_word' id='word_1_458' title='bbox 1733 2290 1770 2317; x_wconf 88' lang='lat' dir='ltr'><strong>et</strong></span> <span class='ocrx_word' id='word_1_459' title='bbox 1796 2284 1920 2321; x_wconf 68' lang='lat' dir='ltr'><strong>inum?</strong></span> <span class='ocrx_word' id='word_1_460' title='bbox 1953 2297 1956 2320; x_wconf 88' lang='grc'><strong>1,</strong></span> 
     </span>
     <span class='ocr_line' id='line_1_81' title="bbox 1189 2309 1911 2372; baseline 0.003 -13"><span class='ocrx_word' id='word_1_461' title='bbox 1189 2309 1299 2360; x_wconf 79' lang='lat' dir='ltr'><strong>locuni</strong></span> <span class='ocrx_word' id='word_1_462' title='bbox 1322 2328 1496 2370; x_wconf 75' lang='lat' dir='ltr'><strong>adscripsit</strong></span> <span class='ocrx_word' id='word_1_463' title='bbox 1517 2333 1552 2359; x_wconf 87' lang='lat' dir='ltr'><strong>et</strong></span> <span class='ocrx_word' id='word_1_464' title='bbox 1573 2327 1807 2370; x_wconf 75' lang='lat' dir='ltr'><strong>Xenophontis</strong></span> <span class='ocrx_word' id='word_1_465' title='bbox 1829 2330 1911 2372; x_wconf 68' lang='lat' dir='ltr'><strong>Cye‘</strong></span> 
     </span>
     <span class='ocr_line' id='line_1_82' title="bbox 1190 2373 1929 2412; baseline 0 -10"><span class='ocrx_word' id='word_1_466' title='bbox 1190 2381 1261 2412; x_wconf 88' lang='lat' dir='ltr'><strong>rop.</strong></span> <span class='ocrx_word' id='word_1_467' title='bbox 1275 2382 1304 2402; x_wconf 86' lang='lat' dir='ltr'><strong>c</strong></span> <span class='ocrx_word' id='word_1_468' title='bbox 1318 2373 1348 2401; x_wconf 83' lang='lat'><strong>2.</strong></span> <span class='ocrx_word' id='word_1_469' title='bbox 1363 2375 1449 2402; x_wconf 84' lang='lat' dir='ltr'><strong>extr.</strong></span> <span class='ocrx_word' id='word_1_470' title='bbox 1923 2381 1929 2390; x_wconf 64' lang='lat'><strong>·=</strong></span> 
     </span>
     <span class='ocr_line' id='line_1_83' title="bbox 1234 2405 1922 2455; baseline 0.003 -10"><span class='ocrx_word' id='word_1_471' title='bbox 1234 2413 1328 2445; x_wconf 77' lang='lat' dir='ltr'><strong>Pars</strong></span> <span class='ocrx_word' id='word_1_472' title='bbox 1344 2414 1492 2453; x_wconf 75' lang='lat' dir='ltr'><strong>equitum</strong></span> <span class='ocrx_word' id='word_1_473' title='bbox 1512 2413 1593 2455; x_wconf 64' lang='lat' dir='ltr'><strong>ete]</strong></span> <span class='ocrx_word' id='word_1_474' title='bbox 1619 2413 1682 2445; x_wconf 83' lang='lat' dir='ltr'><strong>Est</strong></span> <span class='ocrx_word' id='word_1_475' title='bbox 1706 2412 1759 2444; x_wconf 86' lang='lat' dir='ltr'><strong>hic</strong></span> <span class='ocrx_word' id='word_1_476' title='bbox 1772 2405 1922 2451; x_wconf 48' lang='lat' dir='ltr'><strong>deseri-k</strong></span> 
     </span>
     <span class='ocr_line' id='line_1_84' title="bbox 1187 2455 1899 2498; baseline 0.003 -12"><span class='ocrx_word' id='word_1_477' title='bbox 1187 2456 1259 2496; x_wconf 86' lang='lat' dir='ltr'><strong>ptio</strong></span> <span class='ocrx_word' id='word_1_478' title='bbox 1271 2455 1412 2495; x_wconf 77' lang='lat' dir='ltr'><strong>agminis</strong></span> <span class='ocrx_word' id='word_1_479' title='bbox 1427 2455 1579 2496; x_wconf 83' lang='lat' dir='ltr'><strong>quadrati</strong></span> <span class='ocrx_word' id='word_1_480' title='bbox 1599 2456 1697 2497; x_wconf 79' lang='lat' dir='ltr'><strong>hujus</strong></span> <span class='ocrx_word' id='word_1_481' title='bbox 1713 2456 1786 2494; x_wconf 67' lang='lat' dir='ltr'><strong>evi,</strong></span> <span class='ocrx_word' id='word_1_482' title='bbox 1802 2457 1899 2498; x_wconf 76' lang='lat' dir='ltr'><strong>pleni</strong></span> 
     </span>
     <span class='ocr_line' id='line_1_85' title="bbox 1187 2498 1943 2540; baseline 0.008 -12"><span class='ocrx_word' id='word_1_483' title='bbox 1187 2503 1221 2529; x_wconf 87' lang='lat' dir='ltr'><strong>et</strong></span> <span class='ocrx_word' id='word_1_484' title='bbox 1237 2499 1333 2538; x_wconf 84' lang='lat' dir='ltr'><strong>justi,</strong></span> <span class='ocrx_word' id='word_1_485' title='bbox 1349 2504 1384 2529; x_wconf 89' lang='lat' dir='ltr'><strong>et</strong></span> <span class='ocrx_word' id='word_1_486' title='bbox 1405 2499 1447 2529; x_wconf 84' lang='lat' dir='ltr'><strong>ab</strong></span> <span class='ocrx_word' id='word_1_487' title='bbox 1466 2499 1559 2530; x_wconf 85' lang='lat' dir='ltr'><strong>omni</strong></span> <span class='ocrx_word' id='word_1_488' title='bbox 1584 2504 1678 2540; x_wconf 82' lang='lat' dir='ltr'><strong>parte</strong></span> <span class='ocrx_word' id='word_1_489' title='bbox 1701 2498 1839 2533; x_wconf 73' lang='lat' dir='ltr'><strong>firmati.</strong></span> <span class='ocrx_word' id='word_1_490' title='bbox 1857 2506 1905 2534; x_wconf 80' lang='lat' dir='ltr'><strong>v.</strong></span> <span class='ocrx_word' id='word_1_491' title='bbox 1910 2507 1922 2540; x_wconf 69' lang='lat'><strong>.&#39;‚</strong></span> <span class='ocrx_word' id='word_1_492' title='bbox 1940 2502 1943 2503; x_wconf 47' lang='lat'><em>⁷</em></span> 
     </span>
     <span class='ocr_line' id='line_1_86' title="bbox 1188 2540 1940 2583; baseline 0.001 -11"><span class='ocrx_word' id='word_1_493' title='bbox 1188 2541 1297 2573; x_wconf 75' lang='lat' dir='ltr'><strong>schel.</strong></span> <span class='ocrx_word' id='word_1_494' title='bbox 1312 2540 1353 2572; x_wconf 82' lang='lat' dir='ltr'><strong>ad</strong></span> <span class='ocrx_word' id='word_1_495' title='bbox 1370 2541 1450 2582; x_wconf 87' lang='lat' dir='ltr'><strong>Poly</strong></span> <span class='ocrx_word' id='word_1_496' title='bbox 1452 2542 1483 2571; x_wconf 93' lang='lat' dir='ltr'>b</span> <span class='ocrx_word' id='word_1_497' title='bbox 1501 2552 1533 2583; x_wconf 88' lang='lat' dir='ltr'><strong>p.</strong></span> <span class='ocrx_word' id='word_1_498' title='bbox 1550 2543 1623 2574; x_wconf 74' lang='lat'><strong>280.</strong></span> <span class='ocrx_word' id='word_1_499' title='bbox 1648 2541 1736 2573; x_wconf 67' lang='lat' dir='ltr'><strong>ERN.</strong></span> <span class='ocrx_word' id='word_1_500' title='bbox 1894 2543 1940 2581; x_wconf 55' lang='lat'><strong>‘³2</strong></span> 
     </span>
     <span class='ocr_line' id='line_1_87' title="bbox 1231 2583 1939 2625; baseline 0 -11"><span class='ocrx_word' id='word_1_501' title='bbox 1231 2583 1487 2624; x_wconf 77' lang='lat' dir='ltr'><strong>Porrigeretur]</strong></span> <span class='ocrx_word' id='word_1_502' title='bbox 1527 2583 1613 2616; x_wconf 86' lang='lat' dir='ltr'><strong>Mihi</strong></span> <span class='ocrx_word' id='word_1_503' title='bbox 1646 2583 1893 2625; x_wconf 58' lang='lat' dir='ltr'><strong>elegantissime</strong></span> <span class='ocrx_word' id='word_1_504' title='bbox 1907 2585 1916 2614; x_wconf 65' lang='lat'><strong>,³</strong></span> <span class='ocrx_word' id='word_1_505' title='bbox 1929 2591 1939 2621; x_wconf 56' lang='grc' dir='ltr'><strong>ᾗ]</strong></span> 
     </span>
     <span class='ocr_line' id='line_1_88' title="bbox 1188 2626 1938 2676; baseline 0.007 -20"><span class='ocrx_word' id='word_1_506' title='bbox 1188 2626 1314 2657; x_wconf 87' lang='lat' dir='ltr'><strong>dictum</strong></span> <span class='ocrx_word' id='word_1_507' title='bbox 1330 2628 1436 2657; x_wconf 88' lang='lat' dir='ltr'><strong>visum</strong></span> <span class='ocrx_word' id='word_1_508' title='bbox 1451 2631 1503 2658; x_wconf 88' lang='lat' dir='ltr'><strong>est</strong></span> <span class='ocrx_word' id='word_1_509' title='bbox 1524 2636 1665 2668; x_wconf 84' lang='lat' dir='ltr'><strong>semper,</strong></span> <span class='ocrx_word' id='word_1_510' title='bbox 1683 2636 1742 2676; x_wconf 81' lang='lat' dir='ltr'><strong>pro</strong></span> <span class='ocrx_word' id='word_1_511' title='bbox 1753 2636 1827 2667; x_wconf 77' lang='lat' dir='ltr'><strong>pro</strong></span> <span class='ocrx_word' id='word_1_512' title='bbox 1896 2630 1909 2663; x_wconf 56' lang='lat' dir='ltr'><strong>J·</strong></span> <span class='ocrx_word' id='word_1_513' title='bbox 1934 2647 1938 2667; x_wconf 58' lang='lat'><em>2</em></span> 
     </span>
     <span class='ocr_line' id='line_1_89' title="bbox 1187 2667 1938 2714; baseline 0.004 -15"><span class='ocrx_word' id='word_1_514' title='bbox 1187 2669 1333 2706; x_wconf 75' lang='lat' dir='ltr'><strong>deretur,</strong></span> <span class='ocrx_word' id='word_1_515' title='bbox 1359 2675 1399 2700; x_wconf 92' lang='lat' dir='ltr'><strong>ut</strong></span> <span class='ocrx_word' id='word_1_516' title='bbox 1431 2667 1605 2714; x_wconf 79' lang='lat' dir='ltr'><strong>longitudo</strong></span> <span class='ocrx_word' id='word_1_517' title='bbox 1632 2668 1774 2710; x_wconf 76' lang='lat' dir='ltr'><strong>agminis</strong></span> <span class='ocrx_word' id='word_1_518' title='bbox 1802 2670 1875 2702; x_wconf 80' lang='lat' dir='ltr'><strong>inte</strong></span> <span class='ocrx_word' id='word_1_519' title='bbox 1888 2681 1902 2713; x_wconf 57' lang='lat' dir='ltr'><em>J</em></span> <span class='ocrx_word' id='word_1_520' title='bbox 1935 2700 1938 2702; x_wconf 75' lang='grc'>,</span> 
     </span>
     <span class='ocr_line' id='line_1_90' title="bbox 1188 2711 1930 2755; baseline 0.005 -14.005"><span class='ocrx_word' id='word_1_521' title='bbox 1188 2712 1360 2751; x_wconf 77' lang='lat' dir='ltr'><strong>angustias</strong></span> <span class='ocrx_word' id='word_1_522' title='bbox 1387 2711 1650 2753; x_wconf 85' lang='lat' dir='ltr'><strong>exprimeretur,</strong></span> <span class='ocrx_word' id='word_1_523' title='bbox 1683 2715 1718 2743; x_wconf 83' lang='lat' dir='ltr'><strong>et</strong></span> <span class='ocrx_word' id='word_1_524' title='bbox 1753 2712 1801 2744; x_wconf 83' lang='lat' dir='ltr'><strong>sie</strong></span> <span class='ocrx_word' id='word_1_525' title='bbox 1877 2719 1899 2755; x_wconf 60' lang='grc' dir='ltr'><strong>«ξ,</strong></span> <span class='ocrx_word' id='word_1_526' title='bbox 1928 2743 1930 2745; x_wconf 74' lang='grc'>,</span> 
     </span>
     <span class='ocr_line' id='line_1_91' title="bbox 1188 2754 1937 2803; baseline 0.005 -20"><span class='ocrx_word' id='word_1_527' title='bbox 1188 2763 1317 2803; x_wconf 80' lang='lat' dir='ltr'><strong>quoque</strong></span> <span class='ocrx_word' id='word_1_528' title='bbox 1333 2754 1366 2784; x_wconf 90' lang='lat' dir='ltr'><strong>in</strong></span> <span class='ocrx_word' id='word_1_529' title='bbox 1383 2754 1484 2784; x_wconf 85' lang='lat' dir='ltr'><strong>simili</strong></span> <span class='ocrx_word' id='word_1_530' title='bbox 1498 2764 1532 2785; x_wconf 84' lang='lat' dir='ltr'><strong>re</strong></span> <span class='ocrx_word' id='word_1_531' title='bbox 1547 2759 1691 2786; x_wconf 86' lang='lat' dir='ltr'><strong>utuntur</strong></span> <span class='ocrx_word' id='word_1_532' title='bbox 1706 2754 1820 2786; x_wconf 80' lang='lat' dir='ltr'><strong>hocve</strong></span> <span class='ocrx_word' id='word_1_533' title='bbox 1837 2760 1851 2781; x_wconf 62' lang='grc' dir='ltr'>ἐ</span> <span class='ocrx_word' id='word_1_534' title='bbox 1933 2768 1937 2781; x_wconf 85' lang='grc'><strong>-·</strong></span> 
     </span>
     <span class='ocr_line' id='line_1_92' title="bbox 1188 2796 1936 2838; baseline 0 -12"><span class='ocrx_word' id='word_1_535' title='bbox 1188 2799 1226 2826; x_wconf 86' lang='lat' dir='ltr'><strong>ut</strong></span> <span class='ocrx_word' id='word_1_536' title='bbox 1247 2796 1348 2827; x_wconf 86' lang='lat' dir='ltr'><strong>etiam</strong></span> <span class='ocrx_word' id='word_1_537' title='bbox 1375 2797 1495 2828; x_wconf 82' lang='lat' dir='ltr'><strong>Lexica</strong></span> <span class='ocrx_word' id='word_1_538' title='bbox 1507 2796 1639 2829; x_wconf 78' lang='lat' dir='ltr'><strong>docent.</strong></span> <span class='ocrx_word' id='word_1_539' title='bbox 1681 2797 1758 2838; x_wconf 71' lang='lat' dir='ltr'><strong>Quo</strong></span> <span class='ocrx_word' id='word_1_540' title='bbox 1890 2824 1895 2831; x_wconf 72' lang='lat'><strong>.</strong></span> <span class='ocrx_word' id='word_1_541' title='bbox 1919 2801 1936 2836; x_wconf 57' lang='grc' dir='ltr'><strong>ιζ</strong></span> 
     </span>
     <span class='ocr_line' id='line_1_93' title="bbox 1187 2838 1934 2881; baseline 0.009 -14"><span class='ocrx_word' id='word_1_542' title='bbox 1187 2838 1289 2878; x_wconf 84' lang='lat' dir='ltr'><strong>probo</strong></span> <span class='ocrx_word' id='word_1_543' title='bbox 1327 2839 1455 2874; x_wconf 77' lang='lat' dir='ltr'><strong>Heinsii</strong></span> <span class='ocrx_word' id='word_1_544' title='bbox 1491 2841 1719 2879; x_wconf 78' lang='lat' dir='ltr'><strong>conjecturam</strong></span> <span class='ocrx_word' id='word_1_545' title='bbox 1748 2838 1894 2880; x_wconf 54' lang='lat' dir='ltr'><strong>prts’sſs</strong></span> <span class='ocrx_word' id='word_1_546' title='bbox 1919 2843 1934 2881; x_wconf 67' lang='lat' dir='ltr'><strong>J&#39;</strong></span> 
     </span>
     <span class='ocr_line' id='line_1_94' title="bbox 1186 2879 1935 2921; baseline 0.004 -11"><span class='ocrx_word' id='word_1_547' title='bbox 1186 2881 1331 2913; x_wconf 77' lang='lat' dir='ltr'><strong>deretur.</strong></span> <span class='ocrx_word' id='word_1_548' title='bbox 1367 2881 1455 2917; x_wconf 75' lang='lat' dir='ltr'><strong>Em«.</strong></span> <span class='ocrx_word' id='word_1_549' title='bbox 1498 2881 1633 2921; x_wconf 72' lang='lat' dir='ltr'><strong>Quievit</strong></span> <span class='ocrx_word' id='word_1_550' title='bbox 1653 2879 1935 2919; x_wconf 63' lang='lat' dir='ltr'><strong>hostis,do³-&#39;&#39;‘‹</strong></span> 
     </span>
     <span class='ocr_line' id='line_1_95' title="bbox 1187 2924 1931 2967; baseline 0.001 -14"><span class='ocrx_word' id='word_1_551' title='bbox 1187 2932 1306 2963; x_wconf 86' lang='lat' dir='ltr'><strong>agmen</strong></span> <span class='ocrx_word' id='word_1_552' title='bbox 1335 2924 1527 2955; x_wconf 75' lang='lat' dir='ltr'><strong>universum</strong></span> <span class='ocrx_word' id='word_1_553' title='bbox 1557 2924 1672 2956; x_wconf 77' lang='lat' dir='ltr'><strong>silvam</strong></span> <span class='ocrx_word' id='word_1_554' title='bbox 1702 2925 1867 2963; x_wconf 47' lang='lat' dir='ltr'><strong>ingressu</strong></span> <span class='ocrx_word' id='word_1_555' title='bbox 1885 2925 1931 2967; x_wconf 58' lang='lat' dir='ltr'><strong>⁴:151}ss</strong></span> 
     </span>
     <span class='ocr_line' id='line_1_96' title="bbox 1187 2965 1907 3010; baseline 0.004 -14"><span class='ocrx_word' id='word_1_556' title='bbox 1187 2975 1221 2997; x_wconf 86' lang='lat' dir='ltr'><strong>es</strong></span> <span class='ocrx_word' id='word_1_557' title='bbox 1222 2970 1282 2997; x_wconf 78' lang='lat' dir='ltr'><strong>set.</strong></span> <span class='ocrx_word' id='word_1_558' title='bbox 1328 2966 1419 2998; x_wconf 84' lang='lat' dir='ltr'><strong>Infra</strong></span> <span class='ocrx_word' id='word_1_559' title='bbox 1434 2976 1503 2999; x_wconf 86' lang='lat' dir='ltr'><strong>rem</strong></span> <span class='ocrx_word' id='word_1_560' title='bbox 1517 2966 1633 3000; x_wconf 78' lang='lat' dir='ltr'><strong>fuisset</strong></span> <span class='ocrx_word' id='word_1_561' title='bbox 1641 2967 1800 3010; x_wconf 63' lang='lat' dir='ltr'><strong>mog-red.</strong></span> <span class='ocrx_word' id='word_1_562' title='bbox 1853 2969 1857 2975; x_wconf 73' lang='grc'>’</span> <span class='ocrx_word' id='word_1_563' title='bbox 1904 2965 1907 2968; x_wconf 81' lang='grc'>’</span> 
     </span>
    </p>
   </div>
  </div>
 </body>
</html>
